,date,timestamp,bid_0_px,bid_0_qty,ask_0_px,ask_0_qty
0,1,1681365600100.0,2130.06,0.0514,2136.32,0.0366
1,1,1681365600200.0,2130.06,0.0514,2136.31,0.0044
2,1,1681365600400.0,2130.06,0.0514,2136.31,0.009499999999999998
3,1,1681365600500.0,2130.06,0.0514,2136.3,0.0414
4,1,1681365600600.0,2130.06,0.0514,2136.29,0.0067
5,1,1681365600700.0,2130.06,0.0514,2136.29,0.0101
6,1,1681365600800.0,2130.06,0.0514,2136.29,0.0072
7,1,1681365601300.0,2130.06,0.0514,2136.28,0.0038
8,1,1681365601400.0,2130.06,0.0514,2136.28,0.0428
9,1,1681365601700.0,2130.06,0.0514,2136.28,0.0428
10,1,1681365602000.0,2130.06,0.0514,2136.28,0.0428
11,1,1681365602200.0,2130.06,0.0514,2136.27,0.0028
12,1,1681365602300.0,2130.06,0.0514,2136.27,0.0072
13,1,1681365602400.0,2130.06,0.0514,2136.27,0.0095
14,1,1681365602600.0,2130.06,0.0514,2136.27,0.0072
15,1,1681365602800.0,2130.06,0.0514,2136.27,0.0095
16,1,1681365602900.0,2130.06,0.0514,2136.27,0.0027999999999999995
17,1,1681365603000.0,2130.06,0.0514,2136.27,0.009499999999999998
18,1,1681365603100.0,2130.06,0.0514,2136.27,0.007199999999999999
19,1,1681365603300.0,2130.06,0.0514,2136.27,0.009499999999999998
20,1,1681365603800.0,2130.06,0.0514,2136.27,0.007199999999999999
21,1,1681365603900.0,2130.06,0.0514,2136.27,0.006599999999999999
22,1,1681365604000.0,2130.06,0.0514,2136.26,0.0382
23,1,1681365604100.0,2130.06,0.0514,2136.25,0.006699999999999999
24,1,1681365604200.0,2130.06,0.0514,2136.25,0.007199999999999999
25,1,1681365604400.0,2130.06,0.0514,2136.24,0.0372
26,1,1681365604500.0,2130.06,0.0514,2136.23,0.0044
27,1,1681365604700.0,2130.06,0.0514,2136.22,0.0299
28,1,1681365604800.0,2130.06,0.0514,2136.21,0.0044
29,1,1681365604900.0,2130.06,0.0514,2136.2,0.0341
30,1,1681365605000.0,2130.06,0.0514,2136.19,0.0029
31,1,1681365605100.0,2130.06,0.0514,2136.19,0.006699999999999999
32,1,1681365605200.0,2130.06,0.0514,2136.19,0.011
33,1,1681365605300.0,2130.06,0.0514,2136.18,0.0383
34,1,1681365605400.0,2130.06,0.0514,2136.17,0.0044
35,1,1681365605600.0,2130.06,0.0514,2136.17,0.0139
36,1,1681365605700.0,2130.06,0.0514,2136.15,0.006699999999999999
37,1,1681365605800.0,2130.06,0.0514,2136.15,0.007199999999999999
38,1,1681365605900.0,2130.06,0.0514,2136.14,0.0328
39,1,1681365606100.0,2130.06,0.0514,2136.13,0.0044
40,1,1681365606200.0,2130.06,0.0514,2136.12,0.0044
41,1,1681365606300.0,2130.06,0.0514,2136.11,0.0278
42,1,1681365606400.0,2130.06,0.0514,2136.1,0.0044
43,1,1681365606500.0,2130.06,0.0514,2136.1,0.008199999999999999
44,1,1681365606600.0,2130.06,0.0514,2136.09,0.0358
45,1,1681365606700.0,2130.06,0.0514,2136.09,0.0358
46,1,1681365606800.0,2130.06,0.0514,2136.08,0.0072000000000000015
47,1,1681365606900.0,2130.06,0.0514,2136.07,0.0375
48,1,1681365607000.0,2130.06,0.0514,2136.06,0.0044
49,1,1681365607200.0,2130.06,0.0514,2136.06,0.007199999999999999
50,1,1681365607300.0,2130.06,0.0514,2136.05,0.0319
51,1,1681365607400.0,2130.06,0.0514,2136.04,0.011
52,1,1681365607500.0,2130.06,0.0514,2136.03,0.032
53,1,1681365607600.0,2130.06,0.0514,2136.02,0.0044
54,1,1681365607800.0,2130.06,0.0514,2136.01,0.0337
55,1,1681365608000.0,2130.06,0.0514,2136.0,0.006699999999999999
56,1,1681365608100.0,2130.06,0.0514,2135.99,0.0332
57,1,1681365608200.0,2130.06,0.0514,2135.98,0.0072
58,1,1681365608300.0,2130.06,0.0514,2135.97,0.0549
59,1,1681365608400.0,2130.06,0.0514,2135.96,0.0044
60,1,1681365608500.0,2130.06,0.0514,2135.96,0.0095
61,1,1681365608600.0,2130.06,0.0514,2135.95,0.0089
62,1,1681365608700.0,2130.06,0.0514,2135.95,0.0089
63,1,1681365609400.0,2130.06,0.0514,2135.94,0.0038
64,1,1681365609600.0,2130.06,0.0514,2135.93,0.028
65,1,1681365609800.0,2130.06,0.0514,2135.92,0.0038
66,1,1681365609900.0,2130.06,0.0514,2135.91,0.037899999999999996
67,1,1681365610100.0,2130.06,0.0514,2135.9,0.006600000000000002
68,1,1681365610300.0,2130.06,0.0514,2135.9,0.010100000000000001
69,1,1681365610400.0,2130.06,0.0514,2135.89,0.0173
70,1,1681365610500.0,2130.06,0.0514,2135.88,0.0073
71,1,1681365610600.0,2130.06,0.0514,2135.88,0.0101
72,1,1681365610700.0,2130.06,0.0514,2135.87,0.0263
73,1,1681365610800.0,2130.06,0.0514,2135.87,0.0263
74,1,1681365610900.0,2130.06,0.0514,2135.86,0.0038
75,1,1681365611000.0,2130.06,0.0514,2135.86,0.0101
76,1,1681365611100.0,2130.06,0.0514,2135.86,0.0101
77,1,1681365611200.0,2130.06,0.0514,2135.86,0.0066
78,1,1681365611300.0,2130.06,0.0514,2136.65,0.0050999999999999995
79,1,1681365611400.0,2130.06,0.0514,2136.64,0.0466
80,1,1681365611500.0,2130.06,0.0514,2136.63,0.0038
81,1,1681365611600.0,2130.06,0.0514,2136.63,0.0139
82,1,1681365611700.0,2130.06,0.0514,2136.62,0.0406
83,1,1681365611800.0,2130.06,0.0514,2136.61,0.0101
84,1,1681365611900.0,2130.06,0.0514,2136.6,0.0485
85,1,1681365612000.0,2130.06,0.0514,2136.59,0.0073
86,1,1681365612100.0,2130.06,0.0514,2136.58,0.0436
87,1,1681365612200.0,2130.06,0.0514,2136.57,0.0073
88,1,1681365612300.0,2130.06,0.0514,2136.56,0.0456
89,1,1681365612400.0,2130.06,0.0514,2136.55,0.0073
90,1,1681365612600.0,2130.06,0.0514,2136.55,0.0101
91,1,1681365612700.0,2130.06,0.0514,2136.54,0.0473
92,1,1681365612800.0,2130.06,0.0514,2136.53,0.0073
93,1,1681365612900.0,2130.06,0.0514,2136.53,0.006600000000000001
94,1,1681365613000.0,2130.06,0.0514,2136.52,0.0404
95,1,1681365613100.0,2130.06,0.0514,2136.51,0.0038
96,1,1681365613200.0,2130.06,0.0514,2136.51,0.010100000000000001
97,1,1681365613300.0,2130.06,0.0514,2136.5,0.0403
98,1,1681365613400.0,2130.06,0.0514,2136.5,0.0403
99,1,1681365613500.0,2130.06,0.0514,2136.49,0.006599999999999999
100,1,1681365613600.0,2130.06,0.0514,2136.47,0.0044
101,1,1681365613700.0,2130.06,0.0514,2136.47,0.0053
102,1,1681365613800.0,2130.06,0.0514,2136.47,0.0066
103,1,1681365613900.0,2130.06,0.0514,2136.46,0.0393
104,1,1681365614000.0,2130.06,0.0514,2136.46,0.0393
105,1,1681365614100.0,2130.06,0.0514,2136.45,0.0082
106,1,1681365614200.0,2130.06,0.0514,2136.44,0.045700000000000005
107,1,1681365614400.0,2130.06,0.0514,2136.43,0.0051
108,1,1681365614500.0,2130.06,0.0514,2136.42,0.0481
109,1,1681365614700.0,2130.06,0.0514,2136.41,0.004200000000000001
110,1,1681365614800.0,2130.06,0.0514,2136.4,0.0456
111,1,1681365614900.0,2130.06,0.0514,2136.39,0.0029
112,1,1681365615100.0,2130.06,0.0514,2136.38,0.0472
113,1,1681365615200.0,2130.06,0.0514,2136.37,0.0082
114,1,1681365615300.0,2130.06,0.0514,2136.37,0.0082
115,1,1681365615400.0,2130.06,0.0514,2136.36,0.0264
116,1,1681365615600.0,2130.06,0.0514,2136.35,0.0029
117,1,1681365615700.0,2130.06,0.0514,2136.34,0.043
118,1,1681365615800.0,2130.06,0.0514,2136.33,0.0082
119,1,1681365615900.0,2130.06,0.0514,2136.33,0.0057
120,1,1681365616000.0,2130.06,0.0514,2136.32,0.0323
121,1,1681365616100.0,2130.06,0.0514,2136.31,0.0029
122,1,1681365616200.0,2130.06,0.0514,2136.31,0.011
123,1,1681365616300.0,2130.06,0.0514,2136.31,0.011
124,1,1681365616400.0,2130.06,0.0514,2136.31,0.0056999999999999985
125,1,1681365616500.0,2130.06,0.0514,2136.65,0.0057
126,1,1681365616700.0,2130.06,0.0514,2136.64,0.046
127,1,1681365616800.0,2130.06,0.0514,2136.64,0.046
128,1,1681365616900.0,2130.06,0.0514,2136.64,0.046
129,1,1681365617000.0,2130.06,0.0514,2136.66,0.0287
130,1,1681365617100.0,2130.06,0.0514,2136.66,0.0287
131,1,1681365617200.0,2130.06,0.0514,2136.65,0.0044
132,1,1681365617300.0,2130.06,0.0514,2136.64,0.046
133,1,1681365617400.0,2130.06,0.0514,2136.64,0.046
134,1,1681365618200.0,2130.06,0.0514,2136.63,0.0082
135,1,1681365618300.0,2130.06,0.0514,2136.63,0.0028000000000000004
136,1,1681365618400.0,2130.06,0.0514,2136.63,0.013900000000000001
137,1,1681365618500.0,2130.06,0.0514,2136.63,0.0028000000000000004
138,1,1681365618600.0,2130.06,0.0514,2136.62,0.0393
139,1,1681365618700.0,2130.06,0.0514,2136.62,0.0393
140,1,1681365618800.0,2130.06,0.0514,2136.61,0.0139
141,1,1681365618900.0,2130.06,0.0514,2136.61,0.0027999999999999987
142,1,1681365619000.0,2130.06,0.0514,2136.65,0.0111
143,1,1681365619100.0,2130.06,0.0514,2136.6,0.0421
144,1,1681365619200.0,2130.06,0.0514,2136.6,0.0421
145,1,1681365619300.0,2130.06,0.0514,2136.59,0.0111
146,1,1681365619400.0,2130.06,0.0514,2136.59,0.0111
147,1,1681365619500.0,2130.06,0.0514,2136.59,0.0028000000000000004
148,1,1681365619600.0,2130.06,0.0514,2136.58,0.0427
149,1,1681365619800.0,2130.06,0.0514,2136.57,0.0111
150,1,1681365619900.0,2130.06,0.0514,2136.56,0.0485
151,1,1681365620000.0,2130.06,0.0514,2136.55,0.0111
152,1,1681365620200.0,2130.06,0.0514,2136.54,0.022
153,1,1681365620300.0,2130.06,0.0514,2136.54,0.022
154,1,1681365620400.0,2130.06,0.0514,2136.53,0.0139
155,1,1681365620500.0,2130.06,0.0514,2136.52,0.044
156,1,1681365620700.0,2130.06,0.0514,2136.51,0.0111
157,1,1681365620800.0,2130.06,0.0514,2136.5,0.0393
158,1,1681365620900.0,2130.06,0.0514,2136.5,0.0393
159,1,1681365621000.0,2130.06,0.0514,2136.48,0.0474
160,1,1681365621100.0,2130.06,0.0514,2136.47,0.0028
161,1,1681365621200.0,2130.06,0.0514,2136.47,0.013900000000000001
162,1,1681365621300.0,2130.06,0.0514,2136.46,0.0377
163,1,1681365621400.0,2130.06,0.0514,2136.46,0.0377
164,1,1681365621600.0,2130.06,0.0514,2136.44,0.038
165,1,1681365621700.0,2130.06,0.0514,2136.44,0.038
166,1,1681365621800.0,2130.06,0.0514,2136.44,0.038
167,1,1681365622000.0,2130.06,0.0514,2136.43,0.0111
168,1,1681365622100.0,2130.06,0.0514,2136.43,0.0111
169,1,1681365622200.0,2130.06,0.0514,2136.66,0.0261
170,1,1681365622300.0,2130.06,0.0514,2136.65,0.0111
171,1,1681365622400.0,2130.06,0.0514,2136.65,0.0014999999999999996
172,1,1681365622500.0,2130.06,0.0514,2136.65,0.0139
173,1,1681365622600.0,2130.06,0.0514,2136.64,0.0466
174,1,1681365622700.0,2130.06,0.0514,2136.64,0.0466
175,1,1681365622800.0,2130.06,0.0514,2136.62,0.042
176,1,1681365623000.0,2130.06,0.0514,2136.61,0.0111
177,1,1681365623100.0,2130.06,0.0514,2136.6,0.0439
178,1,1681365623200.0,2130.06,0.0514,2136.59,0.0073
179,1,1681365623300.0,2130.06,0.0514,2136.59,0.0111
180,1,1681365623400.0,2130.06,0.0514,2136.57,0.0029
181,1,1681365623500.0,2130.06,0.0514,2136.57,0.0028
182,1,1681365623600.0,2130.06,0.0514,2136.56,0.0285
183,1,1681365623800.0,2130.06,0.0514,2136.56,0.0285
184,1,1681365623900.0,2130.06,0.0514,2136.55,0.0057
185,1,1681365624000.0,2130.06,0.0514,2136.66,0.032
186,1,1681365624100.0,2130.06,0.0514,2136.65,0.0057
187,1,1681365624300.0,2130.06,0.0514,2136.64,0.0408
188,1,1681365624500.0,2130.06,0.0514,2136.62,0.0424
189,1,1681365624600.0,2130.06,0.0514,2136.62,0.0424
190,1,1681365624700.0,2130.06,0.0514,2136.61,0.0082
191,1,1681365624800.0,2130.06,0.0514,2136.61,0.012400000000000001
192,1,1681365624900.0,2130.06,0.0514,2136.6,0.0347
193,1,1681365625000.0,2130.06,0.0514,2136.59,0.0082
194,1,1681365625100.0,2130.06,0.0514,2136.58,0.0417
195,1,1681365625200.0,2130.06,0.0514,2136.58,0.0417
196,1,1681365625300.0,2130.06,0.0514,2136.57,0.0082
197,1,1681365625400.0,2130.06,0.0514,2136.57,0.011000000000000001
198,1,1681365625500.0,2130.06,0.0514,2136.57,0.0057
199,1,1681365625600.0,2130.06,0.0514,2136.57,0.011000000000000001
200,1,1681365625700.0,2130.06,0.0514,2136.57,0.0057
201,1,1681365625800.0,2130.06,0.0514,2136.56,0.0361
202,1,1681365626400.0,2130.06,0.0514,2136.55,0.0038
203,1,1681365626500.0,2130.06,0.0514,2136.54,0.0363
204,1,1681365626600.0,2130.06,0.0514,2136.53,0.0038
205,1,1681365626700.0,2130.06,0.0514,2136.52,0.0353
206,1,1681365626800.0,2130.06,0.0514,2136.52,0.0353
207,1,1681365626900.0,2130.06,0.0514,2136.51,0.0086
208,1,1681365627000.0,2130.06,0.0514,2136.5,0.0398
209,1,1681365627100.0,2130.06,0.0514,2136.49,0.0073
210,1,1681365627200.0,2130.06,0.0514,2136.49,0.0073
211,1,1681365627300.0,2130.06,0.0514,2136.49,0.0051
212,1,1681365627400.0,2130.06,0.0514,2136.47,0.0073
213,1,1681365627600.0,2130.06,0.0514,2136.46,0.0408
214,1,1681365627700.0,2130.06,0.0514,2136.46,0.0408
215,1,1681365627800.0,2130.06,0.0514,2136.45,0.0029
216,1,1681365627900.0,2130.06,0.0514,2136.44,0.0044
217,1,1681365628000.0,2130.06,0.0514,2136.42,0.0029
218,1,1681365628100.0,2130.06,0.0514,2136.42,0.0097
219,1,1681365628300.0,2130.06,0.0514,2136.41,0.02
220,1,1681365628400.0,2130.06,0.0514,2136.4,0.0042
221,1,1681365628600.0,2130.06,0.0514,2136.39,0.0325
222,1,1681365628700.0,2130.06,0.0514,2136.38,0.0029
223,1,1681365628800.0,2130.06,0.0514,2136.38,0.011
224,1,1681365628900.0,2130.06,0.0514,2136.37,0.0385
225,1,1681365629100.0,2130.06,0.0514,2136.35,0.0334
226,1,1681365629200.0,2130.06,0.0514,2136.35,0.0334
227,1,1681365629300.0,2130.06,0.0514,2136.34,0.0082
228,1,1681365629400.0,2130.06,0.0514,2136.33,0.0038
229,1,1681365629500.0,2130.06,0.0514,2136.32,0.0269
230,1,1681365629600.0,2130.06,0.0514,2136.31,0.0038
231,1,1681365629700.0,2130.06,0.0514,2136.31,0.0057
232,1,1681365629800.0,2130.06,0.0514,2136.29,0.0038
233,1,1681365629900.0,2130.06,0.0514,2136.29,0.0095
234,1,1681365630000.0,2130.06,0.0514,2136.29,0.0066
235,1,1681365630100.0,2130.06,0.0514,2136.27,0.0029
236,1,1681365630200.0,2130.06,0.0514,2136.27,0.0066
237,1,1681365630400.0,2130.06,0.0514,2136.25,0.0082
238,1,1681365630500.0,2130.06,0.0514,2136.25,0.0082
239,1,1681365630600.0,2130.06,0.0514,2136.24,0.0331
240,1,1681365630800.0,2130.06,0.0514,2136.22,0.032
241,1,1681365630900.0,2130.06,0.0514,2136.21,0.0082
242,1,1681365631000.0,2130.06,0.0514,2136.21,0.0057
243,1,1681365631100.0,2130.06,0.0514,2136.21,0.011000000000000001
244,1,1681365631200.0,2130.06,0.0514,2136.19,0.0029
245,1,1681365631400.0,2130.06,0.0514,2136.65,0.011
246,1,1681365631500.0,2130.06,0.0514,2136.64,0.0447
247,1,1681365631600.0,2130.06,0.0514,2136.63,0.0038
248,1,1681365631700.0,2130.06,0.0514,2136.63,0.0101
249,1,1681365631800.0,2130.06,0.0514,2136.62,0.0428
250,1,1681365631900.0,2130.06,0.0514,2136.62,0.0428
251,1,1681365632000.0,2130.06,0.0514,2136.6,0.0486
252,1,1681365632100.0,2130.06,0.0514,2136.59,0.0073
253,1,1681365632200.0,2130.06,0.0514,2136.59,0.0042
254,1,1681365632300.0,2130.06,0.0514,2136.58,0.0319
255,1,1681365632500.0,2130.06,0.0514,2136.57,0.0101
256,1,1681365632600.0,2130.06,0.0514,2136.57,0.006599999999999999
257,1,1681365632700.0,2130.06,0.0514,2136.56,0.0398
258,1,1681365632900.0,2130.06,0.0514,2136.54,0.0331
259,1,1681365633000.0,2130.06,0.0514,2136.53,0.0038
260,1,1681365633100.0,2130.06,0.0514,2136.52,0.0359
261,1,1681365633200.0,2130.06,0.0514,2136.51,0.0038
262,1,1681365633400.0,2130.06,0.0514,2136.51,0.010100000000000001
263,1,1681365633500.0,2130.06,0.0514,2136.51,0.006600000000000001
264,1,1681365633600.0,2130.06,0.0514,2136.49,0.0073
265,1,1681365633800.0,2130.06,0.0514,2136.49,0.006599999999999999
266,1,1681365633900.0,2130.06,0.0514,2136.48,0.006599999999999999
267,1,1681365634000.0,2130.06,0.0514,2136.47,0.0354
268,1,1681365634100.0,2130.06,0.0514,2136.46,0.0066
269,1,1681365634200.0,2130.06,0.0514,2136.45,0.0371
270,1,1681365634300.0,2130.06,0.0514,2136.45,0.0371
271,1,1681365634400.0,2130.06,0.0514,2136.45,0.0371
272,1,1681365634600.0,2130.06,0.0514,2136.45,0.0371
273,1,1681365635200.0,2130.06,0.0514,2136.44,0.0072
274,1,1681365635300.0,2130.06,0.0514,2136.43,0.0417
275,1,1681365635400.0,2130.06,0.0514,2136.42,0.0067
276,1,1681365635500.0,2130.06,0.0514,2136.41,0.0303
277,1,1681365635600.0,2130.06,0.0514,2136.4,0.0067
278,1,1681365635800.0,2130.06,0.0514,2136.39,0.036
279,1,1681365636000.0,2130.06,0.0514,2136.37,0.042
280,1,1681365636100.0,2130.06,0.0514,2136.36,0.0095
281,1,1681365636300.0,2130.06,0.0514,2136.35,0.0322
282,1,1681365636400.0,2130.06,0.0514,2136.34,0.007199999999999999
283,1,1681365636500.0,2130.06,0.0514,2136.33,0.0339
284,1,1681365636600.0,2130.06,0.0514,2136.33,0.0339
285,1,1681365636700.0,2130.06,0.0514,2136.31,0.0279
286,1,1681365636800.0,2130.06,0.0514,2136.3,0.0044
287,1,1681365636900.0,2130.06,0.0514,2136.3,0.009499999999999998
288,1,1681365637000.0,2130.06,0.0514,2136.29,0.0357
289,1,1681365637100.0,2130.06,0.0514,2136.28,0.0067
290,1,1681365637200.0,2130.06,0.0514,2136.28,0.0111
291,1,1681365637300.0,2130.06,0.0514,2136.27,0.0362
292,1,1681365637400.0,2130.06,0.0514,2136.27,0.0362
293,1,1681365637500.0,2130.06,0.0514,2136.26,0.0067
294,1,1681365637600.0,2130.06,0.0514,2136.26,0.004400000000000001
295,1,1681365637700.0,2130.06,0.0514,2136.26,0.006700000000000002
296,1,1681365637800.0,2130.06,0.0514,2136.26,0.004400000000000002
297,1,1681365637900.0,2130.06,0.0514,2136.25,0.0275
298,1,1681365638100.0,2130.06,0.0514,2136.24,0.0044
299,1,1681365638200.0,2130.06,0.0514,2136.23,0.0284
300,1,1681365638300.0,2130.06,0.0514,2136.22,0.0044
301,1,1681365638500.0,2130.06,0.0514,2136.21,0.0335
302,1,1681365638600.0,2130.06,0.0514,2136.2,0.0029
303,1,1681365638700.0,2130.06,0.0514,2136.2,0.007199999999999999
304,1,1681365638900.0,2130.06,0.0514,2136.64,0.0479
305,1,1681365639000.0,2130.06,0.0514,2136.63,0.006699999999999999
306,1,1681365639100.0,2130.06,0.0514,2136.63,0.0072
307,1,1681365639200.0,2130.06,0.0514,2136.63,0.0095
308,1,1681365639300.0,2130.06,0.0514,2136.62,0.0396
309,1,1681365639400.0,2130.06,0.0514,2136.62,0.0396
310,1,1681365639500.0,2130.06,0.0514,2136.61,0.011
311,1,1681365639600.0,2130.06,0.0514,2136.6,0.0067
312,1,1681365639700.0,2130.06,0.0514,2136.59,0.0072
313,1,1681365639900.0,2130.06,0.0514,2136.58,0.0413
314,1,1681365640000.0,2130.06,0.0514,2136.58,0.0413
315,1,1681365640100.0,2130.06,0.0514,2136.57,0.006699999999999999
316,1,1681365640200.0,2130.06,0.0514,2136.56,0.0067
317,1,1681365640300.0,2130.06,0.0514,2136.55,0.0072
318,1,1681365640400.0,2130.06,0.0514,2136.55,0.009499999999999998
319,1,1681365640500.0,2130.06,0.0514,2136.54,0.0676
320,1,1681365640600.0,2130.06,0.0514,2136.53,0.0067
321,1,1681365640800.0,2130.06,0.0514,2136.52,0.0067
322,1,1681365640900.0,2130.06,0.0514,2136.51,0.01
323,1,1681365641000.0,2130.06,0.0514,2136.5,0.0067
324,1,1681365641100.0,2130.06,0.0514,2136.5,0.007199999999999999
325,1,1681365641300.0,2130.06,0.0514,2136.49,0.0387
326,1,1681365641400.0,2130.06,0.0514,2136.49,0.0387
327,1,1681365641500.0,2130.06,0.0514,2136.48,0.0101
328,1,1681365641600.0,2130.06,0.0514,2136.48,0.0059
329,1,1681365641700.0,2130.06,0.0514,2136.65,0.0101
330,1,1681365641800.0,2130.06,0.0514,2136.64,0.0446
331,1,1681365641900.0,2130.06,0.0514,2136.63,0.0073
332,1,1681365642000.0,2130.06,0.0514,2136.63,0.0015
333,1,1681365642100.0,2130.06,0.0514,2136.62,0.0398
334,1,1681365642200.0,2130.06,0.0514,2136.61,0.0038
335,1,1681365642300.0,2130.06,0.0514,2136.6,0.0367
336,1,1681365642400.0,2130.06,0.0514,2136.6,0.0367
337,1,1681365642500.0,2130.06,0.0514,2136.59,0.0101
338,1,1681365642600.0,2130.06,0.0514,2136.58,0.0432
339,1,1681365642700.0,2130.06,0.0514,2136.57,0.0073
340,1,1681365642800.0,2130.06,0.0514,2136.57,0.0073
341,1,1681365642900.0,2130.06,0.0514,2136.56,0.0455
342,1,1681365643000.0,2130.06,0.0514,2136.55,0.0066
343,1,1681365643100.0,2130.06,0.0514,2136.54,0.0394
344,1,1681365643200.0,2130.06,0.0514,2136.54,0.0394
345,1,1681365643300.0,2130.06,0.0514,2136.54,0.0394
346,1,1681365643400.0,2130.06,0.0514,2136.52,0.0418
347,1,1681365643500.0,2130.06,0.0514,2136.51,0.0073
348,1,1681365643700.0,2130.06,0.0514,2136.5,0.0365
349,1,1681365644300.0,2130.06,0.0514,2136.5,0.0365
350,1,1681365644400.0,2130.06,0.0514,2136.49,0.0095
351,1,1681365644500.0,2130.06,0.0514,2136.48,0.0405
352,1,1681365644600.0,2130.06,0.0514,2136.48,0.0405
353,1,1681365644700.0,2130.06,0.0514,2136.47,0.0082
354,1,1681365644800.0,2130.06,0.0514,2136.46,0.0482
355,1,1681365644900.0,2130.06,0.0514,2136.46,0.0564
356,1,1681365645000.0,2130.06,0.0514,2136.45,0.011000000000000001
357,1,1681365645100.0,2130.06,0.0514,2136.44,0.0327
358,1,1681365645200.0,2130.06,0.0514,2136.44,0.0327
359,1,1681365645300.0,2130.06,0.0514,2136.43,0.0082
360,1,1681365645400.0,2130.06,0.0514,2136.43,0.010100000000000001
361,1,1681365645500.0,2130.06,0.0514,2136.43,0.011000000000000001
362,1,1681365645600.0,2130.06,0.0514,2136.42,0.04
363,1,1681365645700.0,2130.06,0.0514,2136.42,0.04
364,1,1681365645800.0,2130.06,0.0514,2136.41,0.0082
365,1,1681365645900.0,2130.06,0.0514,2136.4,0.038
366,1,1681365646000.0,2130.06,0.0514,2136.39,0.0057
367,1,1681365646100.0,2130.06,0.0514,2136.39,0.011
368,1,1681365646200.0,2130.06,0.0514,2136.38,0.039
369,1,1681365646300.0,2130.06,0.0514,2136.37,0.0038
370,1,1681365646400.0,2130.06,0.0514,2136.37,0.004399999999999999
371,1,1681365646500.0,2130.06,0.0514,2136.36,0.0286
372,1,1681365646600.0,2130.06,0.0514,2136.35,0.0029
373,1,1681365646700.0,2130.06,0.0514,2136.35,0.0066
374,1,1681365646900.0,2130.06,0.0514,2136.34,0.0333
375,1,1681365647000.0,2130.06,0.0514,2136.34,0.0333
376,1,1681365647100.0,2130.06,0.0514,2136.33,0.0029
377,1,1681365647200.0,2130.06,0.0514,2136.33,0.0066
378,1,1681365647300.0,2130.06,0.0514,2136.65,0.0073
379,1,1681365647400.0,2130.06,0.0514,2136.64,0.0428
380,1,1681365647500.0,2130.06,0.0514,2136.63,0.0073
381,1,1681365647600.0,2130.06,0.0514,2136.62,0.0417
382,1,1681365647700.0,2130.06,0.0514,2136.62,0.0417
383,1,1681365647800.0,2130.06,0.0514,2136.61,0.0073
384,1,1681365647900.0,2130.06,0.0514,2136.6,0.0383
385,1,1681365648100.0,2130.06,0.0514,2136.59,0.005900000000000001
386,1,1681365648200.0,2130.06,0.0514,2136.59,0.005300000000000001
387,1,1681365648300.0,2130.06,0.0514,2136.58,0.0425
388,1,1681365648400.0,2130.06,0.0514,2136.57,0.0038
389,1,1681365648600.0,2130.06,0.0514,2136.56,0.039
390,1,1681365648700.0,2130.06,0.0514,2136.56,0.039
391,1,1681365648800.0,2130.06,0.0514,2136.55,0.0044
392,1,1681365648900.0,2130.06,0.0514,2136.54,0.036
393,1,1681365649000.0,2130.06,0.0514,2136.53,0.0038
394,1,1681365649200.0,2130.06,0.0514,2136.52,0.0426
395,1,1681365649300.0,2130.06,0.0514,2136.52,0.0493
396,1,1681365649400.0,2130.06,0.0514,2136.51,0.006599999999999999
397,1,1681365649500.0,2130.06,0.0514,2136.5,0.0397
398,1,1681365649700.0,2130.06,0.0514,2136.48,0.0431
399,1,1681365649800.0,2130.06,0.0514,2136.47,0.0067
400,1,1681365649900.0,2130.06,0.0514,2136.47,0.0101
401,1,1681365650000.0,2130.06,0.0514,2136.46,0.0337
402,1,1681365650100.0,2130.06,0.0514,2136.45,0.0044
403,1,1681365650300.0,2130.06,0.0514,2136.44,0.0347
404,1,1681365650400.0,2130.06,0.0514,2136.43,0.0044
405,1,1681365650500.0,2130.06,0.0514,2136.43,0.0044
406,1,1681365650600.0,2130.06,0.0514,2136.42,0.034
407,1,1681365650700.0,2130.06,0.0514,2136.41,0.0044
408,1,1681365650800.0,2130.06,0.0514,2136.41,0.009500000000000001
409,1,1681365650900.0,2130.06,0.0514,2136.4,0.0388
410,1,1681365651000.0,2130.06,0.0514,2136.39,0.006699999999999999
411,1,1681365651100.0,2130.06,0.0514,2136.39,0.006699999999999999
412,1,1681365651200.0,2130.06,0.0514,2136.39,0.007199999999999999
413,1,1681365651300.0,2130.06,0.0514,2136.39,0.009499999999999998
414,1,1681365651400.0,2130.06,0.0514,2136.38,0.0376
415,1,1681365651500.0,2130.06,0.0514,2136.37,0.0067
416,1,1681365651600.0,2130.06,0.0514,2136.37,0.0126
417,1,1681365651700.0,2130.06,0.0514,2136.37,0.0072
418,1,1681365651800.0,2130.06,0.0514,2136.37,0.009499999999999998
419,1,1681365651900.0,2130.06,0.0514,2136.36,0.0376
420,1,1681365652100.0,2130.06,0.0514,2136.35,0.0072
421,1,1681365652300.0,2130.06,0.0514,2136.34,0.033
422,1,1681365652400.0,2130.06,0.0514,2136.33,0.0095
423,1,1681365652500.0,2130.06,0.0514,2136.32,0.0368
424,1,1681365652600.0,2130.06,0.0514,2136.32,0.0368
425,1,1681365652800.0,2130.06,0.0514,2136.33,0.0027999999999999995
426,1,1681365653300.0,2130.06,0.0514,2136.3,0.0361
427,1,1681365653400.0,2130.06,0.0514,2136.3,0.0361
428,1,1681365653500.0,2130.06,0.0514,2136.29,0.0059
429,1,1681365653600.0,2130.06,0.0514,2136.28,0.028
430,1,1681365653700.0,2130.06,0.0514,2136.27,0.0044
431,1,1681365653900.0,2130.06,0.0514,2136.27,0.0088
432,1,1681365654000.0,2130.06,0.0514,2136.26,0.034
433,1,1681365654200.0,2130.06,0.0514,2136.25,0.0044
434,1,1681365654300.0,2130.06,0.0514,2136.24,0.024
435,1,1681365654400.0,2130.06,0.0514,2136.24,0.024
436,1,1681365654500.0,2130.06,0.0514,2136.23,0.0044
437,1,1681365654600.0,2130.06,0.0514,2136.23,0.009499999999999998
438,1,1681365654700.0,2130.06,0.0514,2136.22,0.0342
439,1,1681365654800.0,2130.06,0.0514,2136.21,0.0038
440,1,1681365654900.0,2130.06,0.0514,2136.21,0.006699999999999999
441,1,1681365655000.0,2130.06,0.0514,2136.2,0.0278
442,1,1681365655100.0,2130.06,0.0514,2136.2,0.0278
443,1,1681365655200.0,2130.06,0.0514,2136.19,0.0044
444,1,1681365655300.0,2130.06,0.0514,2136.18,0.0268
445,1,1681365655400.0,2130.06,0.0514,2136.18,0.031200000000000002
446,1,1681365655500.0,2130.06,0.0514,2136.16,0.051
447,1,1681365655600.0,2130.06,0.0514,2136.16,0.051
448,1,1681365655700.0,2130.06,0.0514,2136.15,0.0029
449,1,1681365655800.0,2130.06,0.0514,2136.15,0.011
450,1,1681365655900.0,2130.06,0.0514,2136.15,0.0056999999999999985
451,1,1681365656100.0,2130.06,0.0514,2136.64,0.0435
452,1,1681365656300.0,2130.06,0.0514,2136.63,0.0082
453,1,1681365656400.0,2130.06,0.0514,2136.62,0.0426
454,1,1681365656500.0,2130.06,0.0514,2136.61,0.0082
455,1,1681365656600.0,2130.06,0.0514,2136.61,0.010100000000000001
456,1,1681365656700.0,2130.06,0.0514,2136.6,0.0384
457,1,1681365656800.0,2130.06,0.0514,2136.59,0.0029
458,1,1681365656900.0,2130.06,0.0514,2136.58,0.0358
459,1,1681365657100.0,2130.06,0.0514,2136.57,0.011
460,1,1681365657200.0,2130.06,0.0514,2136.57,0.0056999999999999985
461,1,1681365657300.0,2130.06,0.0514,2136.56,0.0437
462,1,1681365657400.0,2130.06,0.0514,2136.55,0.0082
463,1,1681365657500.0,2130.06,0.0514,2136.55,0.0057
464,1,1681365657600.0,2130.06,0.0514,2136.53,0.0082
465,1,1681365657700.0,2130.06,0.0514,2136.53,0.005699999999999999
466,1,1681365657800.0,2130.06,0.0514,2136.52,0.0379
467,1,1681365657900.0,2130.06,0.0514,2136.52,0.0379
468,1,1681365658000.0,2130.06,0.0514,2136.51,0.0029
469,1,1681365658100.0,2130.06,0.0514,2136.5,0.0316
470,1,1681365658300.0,2130.06,0.0514,2136.48,0.0341
471,1,1681365658400.0,2130.06,0.0514,2136.47,0.0029
472,1,1681365658500.0,2130.06,0.0514,2136.47,0.0029
473,1,1681365658600.0,2130.06,0.0514,2136.47,0.0072
474,1,1681365658800.0,2130.06,0.0514,2136.46,0.0383
475,1,1681365658900.0,2130.06,0.0514,2136.45,0.010100000000000001
476,1,1681365659000.0,2130.06,0.0514,2136.44,0.0342
477,1,1681365659200.0,2130.06,0.0514,2136.43,0.0029
478,1,1681365659300.0,2130.06,0.0514,2136.43,0.011
479,1,1681365659400.0,2130.06,0.0514,2136.43,0.0056999999999999985
480,1,1681365659500.0,2130.06,0.0514,2136.42,0.0403
481,1,1681365659700.0,2130.06,0.0514,2136.41,0.0029
482,1,1681365659800.0,2130.06,0.0514,2136.4,0.0237
483,1,1681365659900.0,2130.06,0.0514,2136.39,0.0029
484,1,1681365660000.0,2130.06,0.0514,2136.39,0.0028000000000000004
485,1,1681365660100.0,2130.06,0.0514,2136.38,0.0395
486,1,1681365660300.0,2130.06,0.0514,2136.37,0.004399999999999999
487,1,1681365660400.0,2130.06,0.0514,2136.36,0.0343
488,1,1681365660500.0,2130.06,0.0514,2136.35,0.0029
489,1,1681365660600.0,2130.06,0.0514,2136.35,0.011000000000000001
490,1,1681365660700.0,2130.06,0.0514,2136.34,0.0384
491,1,1681365660800.0,2130.06,0.0514,2136.34,0.0384
492,1,1681365660900.0,2130.06,0.0514,2136.33,0.0057
493,1,1681365661000.0,2130.06,0.0514,2136.32,0.0278
494,1,1681365661100.0,2130.06,0.0514,2136.32,0.0278
495,1,1681365661200.0,2130.06,0.0514,2136.31,0.0029
496,1,1681365661300.0,2130.06,0.0514,2136.31,0.011
497,1,1681365661400.0,2130.06,0.0514,2136.31,0.005899999999999999
498,1,1681365661500.0,2130.06,0.0514,2136.3,0.0374
499,1,1681365662100.0,2130.06,0.0514,2136.29,0.0097
500,1,1681365662200.0,2130.06,0.0514,2136.29,0.0056999999999999985
501,1,1681365662300.0,2130.06,0.0514,2136.28,0.0364
502,1,1681365662400.0,2130.06,0.0514,2136.27,0.0029
503,1,1681365662500.0,2130.06,0.0514,2136.27,0.0013
504,1,1681365662600.0,2130.06,0.0514,2136.27,0.0028
505,1,1681365662700.0,2130.06,0.0514,2136.65,0.0028000000000000004
506,1,1681365662800.0,2130.06,0.0514,2136.64,0.039
507,1,1681365662900.0,2130.06,0.0514,2136.64,0.039
508,1,1681365663000.0,2130.06,0.0514,2136.63,0.0057
509,1,1681365663100.0,2130.06,0.0514,2136.62,0.0411
510,1,1681365663300.0,2130.06,0.0514,2136.61,0.0067
511,1,1681365663400.0,2130.06,0.0514,2136.6,0.0415
512,1,1681365663600.0,2130.06,0.0514,2136.59,0.0038
513,1,1681365663700.0,2130.06,0.0514,2136.59,0.0072
514,1,1681365663800.0,2130.06,0.0514,2136.58,0.0351
515,1,1681365663900.0,2130.06,0.0514,2136.58,0.0351
516,1,1681365664000.0,2130.06,0.0514,2136.57,0.0073
517,1,1681365664100.0,2130.06,0.0514,2136.56,0.0412
518,1,1681365664300.0,2130.06,0.0514,2136.55,0.0073
519,1,1681365664400.0,2130.06,0.0514,2136.54,0.0387
520,1,1681365664500.0,2130.06,0.0514,2136.54,0.0387
521,1,1681365664600.0,2130.06,0.0514,2136.53,0.0038
522,1,1681365664700.0,2130.06,0.0514,2136.53,0.0139
523,1,1681365664800.0,2130.06,0.0514,2136.65,0.0073
524,1,1681365664900.0,2130.06,0.0514,2136.64,0.0431
525,1,1681365665000.0,2130.06,0.0514,2136.64,0.0431
526,1,1681365665100.0,2130.06,0.0514,2136.63,0.0086
527,1,1681365665200.0,2130.06,0.0514,2136.63,0.0066
528,1,1681365665300.0,2130.06,0.0514,2136.62,0.0446
529,1,1681365665400.0,2130.06,0.0514,2136.61,0.0029
530,1,1681365665600.0,2130.06,0.0514,2136.6,0.0385
531,1,1681365665800.0,2130.06,0.0514,2136.59,0.0029
532,1,1681365665900.0,2130.06,0.0514,2136.58,0.0361
533,1,1681365666100.0,2130.06,0.0514,2136.57,0.0029
534,1,1681365666200.0,2130.06,0.0514,2136.56,0.0369
535,1,1681365666300.0,2130.06,0.0514,2136.55,0.0029
536,1,1681365666400.0,2130.06,0.0514,2136.55,0.0029
537,1,1681365666500.0,2130.06,0.0514,2136.54,0.0378
538,1,1681365666600.0,2130.06,0.0514,2136.53,0.0082
539,1,1681365666800.0,2130.06,0.0514,2136.52,0.0409
540,1,1681365667000.0,2130.06,0.0514,2136.51,0.0082
541,1,1681365667100.0,2130.06,0.0514,2136.51,0.0057
542,1,1681365667300.0,2130.06,0.0514,2136.5,0.0352
543,1,1681365667700.0,2130.06,0.0514,2136.49,0.0082
544,1,1681365667900.0,2130.06,0.0514,2136.49,0.0056999999999999985
545,1,1681365668000.0,2130.06,0.0514,2136.48,0.0375
546,1,1681365668100.0,2130.06,0.0514,2136.48,0.0375
547,1,1681365668200.0,2130.06,0.0514,2136.47,0.0029
548,1,1681365668300.0,2130.06,0.0514,2136.47,0.011
549,1,1681365668400.0,2130.06,0.0514,2136.47,0.0056999999999999985
550,1,1681365668500.0,2130.06,0.0514,2136.47,0.0056999999999999985
551,1,1681365668600.0,2130.06,0.0514,2136.46,0.0416
552,1,1681365668700.0,2130.06,0.0514,2136.45,0.0066
553,1,1681365668800.0,2130.06,0.0514,2136.45,0.0056999999999999985
554,1,1681365668900.0,2130.06,0.0514,2136.44,0.0316
555,1,1681365669000.0,2130.06,0.0514,2136.44,0.0316
556,1,1681365669100.0,2130.06,0.0514,2136.42,0.0325
557,1,1681365669300.0,2130.06,0.0514,2136.41,0.0029
558,1,1681365669400.0,2130.06,0.0514,2136.4,0.0314
559,1,1681365669600.0,2130.06,0.0514,2136.39,0.011
560,1,1681365669700.0,2130.06,0.0514,2136.38,0.0394
561,1,1681365669900.0,2130.06,0.0514,2136.36,0.0422
562,1,1681365670100.0,2130.06,0.0514,2136.35,0.0057
563,1,1681365670300.0,2130.06,0.0514,2136.34,0.0253
564,1,1681365670800.0,2130.06,0.0514,2136.34,0.0253
565,1,1681365670900.0,2130.06,0.0514,2136.33,0.0028
566,1,1681365671000.0,2130.06,0.0514,2136.33,0.011000000000000001
567,1,1681365671100.0,2130.06,0.0514,2136.33,0.011000000000000001
568,1,1681365671200.0,2130.06,0.0514,2136.32,0.011
569,1,1681365671400.0,2130.06,0.0514,2136.31,0.038
570,1,1681365671500.0,2130.06,0.0514,2136.3,0.0027999999999999987
571,1,1681365671600.0,2130.06,0.0514,2136.29,0.0369
572,1,1681365671700.0,2130.06,0.0514,2136.29,0.0369
573,1,1681365671800.0,2130.06,0.0514,2136.28,0.0066
574,1,1681365671900.0,2130.06,0.0514,2136.27,0.0366
575,1,1681365672000.0,2130.06,0.0514,2136.26,0.0082
576,1,1681365672100.0,2130.06,0.0514,2136.25,0.0316
577,1,1681365672200.0,2130.06,0.0514,2136.24,0.0082
578,1,1681365672400.0,2130.06,0.0514,2136.24,0.0057
579,1,1681365672500.0,2130.06,0.0514,2136.23,0.0298
580,1,1681365672700.0,2130.06,0.0514,2136.22,0.0029
581,1,1681365672800.0,2130.06,0.0514,2136.65,0.011000000000000001
582,1,1681365672900.0,2130.06,0.0514,2136.64,0.0457
583,1,1681365673000.0,2130.06,0.0514,2136.64,0.0457
584,1,1681365673100.0,2130.06,0.0514,2136.63,0.0082
585,1,1681365673200.0,2130.06,0.0514,2136.63,0.011
586,1,1681365673300.0,2130.06,0.0514,2136.62,0.0449
587,1,1681365673400.0,2130.06,0.0514,2136.62,0.0449
588,1,1681365673500.0,2130.06,0.0514,2136.61,0.0082
589,1,1681365673600.0,2130.06,0.0514,2136.6,0.0409
590,1,1681365673700.0,2130.06,0.0514,2136.59,0.0082
591,1,1681365673800.0,2130.06,0.0514,2136.58,0.0426
592,1,1681365673900.0,2130.06,0.0514,2136.57,0.0082
593,1,1681365674000.0,2130.06,0.0514,2136.57,0.004200000000000001
594,1,1681365674200.0,2130.06,0.0514,2136.57,0.009500000000000001
595,1,1681365674300.0,2130.06,0.0514,2136.56,0.043
596,1,1681365674400.0,2130.06,0.0514,2136.55,0.0029
597,1,1681365674500.0,2130.06,0.0514,2136.55,0.0095
598,1,1681365674600.0,2130.06,0.0514,2136.54,0.042
599,1,1681365674700.0,2130.06,0.0514,2136.54,0.042
600,1,1681365674800.0,2130.06,0.0514,2136.53,0.0097
601,1,1681365674900.0,2130.06,0.0514,2136.52,0.0422
602,1,1681365675000.0,2130.06,0.0514,2136.52,0.0422
603,1,1681365675100.0,2130.06,0.0514,2136.51,0.0082
604,1,1681365675200.0,2130.06,0.0514,2136.51,0.0057
605,1,1681365675300.0,2130.06,0.0514,2136.5,0.0341
606,1,1681365675400.0,2130.06,0.0514,2136.49,0.0082
607,1,1681365675500.0,2130.06,0.0514,2136.48,0.04
608,1,1681365675600.0,2130.06,0.0514,2136.47,0.0044
609,1,1681365675700.0,2130.06,0.0514,2136.47,0.0013
610,1,1681365675800.0,2130.06,0.0514,2136.46,0.0274
611,1,1681365675900.0,2130.06,0.0514,2136.46,0.0274
612,1,1681365676000.0,2130.06,0.0514,2136.46,0.0274
613,1,1681365676100.0,2130.06,0.0514,2136.44,0.0412
614,1,1681365676200.0,2130.06,0.0514,2136.43,0.0029
615,1,1681365676400.0,2130.06,0.0514,2136.42,0.0244
616,1,1681365676600.0,2130.06,0.0514,2136.41,0.0066
617,1,1681365676700.0,2130.06,0.0514,2136.41,0.0028
618,1,1681365676800.0,2130.06,0.0514,2136.4,0.0394
619,1,1681365676900.0,2130.06,0.0514,2136.39,0.0073
620,1,1681365677000.0,2130.06,0.0514,2136.39,0.0139
621,1,1681365677100.0,2130.06,0.0514,2136.39,0.006599999999999999
622,1,1681365677200.0,2130.06,0.0514,2136.39,0.0027999999999999995
623,1,1681365677300.0,2130.06,0.0514,2136.38,0.0323
624,1,1681365677400.0,2130.06,0.0514,2136.37,0.0038
625,1,1681365677500.0,2130.06,0.0514,2136.37,0.0072
626,1,1681365677600.0,2130.06,0.0514,2136.37,0.006599999999999999
627,1,1681365677700.0,2130.06,0.0514,2136.36,0.0353
628,1,1681365677800.0,2130.06,0.0514,2136.36,0.0353
629,1,1681365677900.0,2130.06,0.0514,2136.35,0.010100000000000001
630,1,1681365678100.0,2130.06,0.0514,2136.33,0.0073
631,1,1681365678200.0,2130.06,0.0514,2136.33,0.0066
632,1,1681365678300.0,2130.06,0.0514,2136.33,0.0139
633,1,1681365678400.0,2130.06,0.0514,2136.32,0.037
634,1,1681365678600.0,2130.06,0.0514,2136.31,0.0073
635,1,1681365678700.0,2130.06,0.0514,2136.3,0.0323
636,1,1681365678800.0,2130.06,0.0514,2136.3,0.0323
637,1,1681365678900.0,2130.06,0.0514,2136.29,0.006599999999999999
638,1,1681365679100.0,2130.06,0.0514,2136.28,0.0334
639,1,1681365679300.0,2130.06,0.0514,2136.28,0.0334
640,1,1681365679900.0,2130.06,0.0514,2136.28,0.0334
641,1,1681365680000.0,2130.06,0.0514,2136.28,0.0334
642,1,1681365680100.0,2130.06,0.0514,2136.26,0.0396
643,1,1681365680200.0,2130.06,0.0514,2136.25,0.0073
644,1,1681365680400.0,2130.06,0.0514,2136.23,0.0066
645,1,1681365680500.0,2130.06,0.0514,2136.23,0.0101
646,1,1681365680600.0,2130.06,0.0514,2136.22,0.0349
647,1,1681365680700.0,2130.06,0.0514,2136.22,0.0349
648,1,1681365680800.0,2130.06,0.0514,2136.21,0.0073
649,1,1681365680900.0,2130.06,0.0514,2136.21,0.006599999999999999
650,1,1681365681000.0,2130.06,0.0514,2136.2,0.0272
651,1,1681365681100.0,2130.06,0.0514,2136.2,0.0272
652,1,1681365681200.0,2130.06,0.0514,2136.19,0.0038
653,1,1681365681300.0,2130.06,0.0514,2136.19,0.0038
654,1,1681365681400.0,2130.06,0.0514,2136.65,0.0038
655,1,1681365681500.0,2130.06,0.0514,2136.64,0.0401
656,1,1681365681600.0,2130.06,0.0514,2136.63,0.0038
657,1,1681365681700.0,2130.06,0.0514,2136.62,0.0395
658,1,1681365681800.0,2130.06,0.0514,2136.62,0.0395
659,1,1681365681900.0,2130.06,0.0514,2136.61,0.010100000000000001
660,1,1681365682000.0,2130.06,0.0514,2136.6,0.0446
661,1,1681365682100.0,2130.06,0.0514,2136.59,0.0073
662,1,1681365682300.0,2130.06,0.0514,2136.58,0.0392
663,1,1681365682400.0,2130.06,0.0514,2136.57,0.0073
664,1,1681365682500.0,2130.06,0.0514,2136.57,0.006599999999999999
665,1,1681365682600.0,2130.06,0.0514,2136.55,0.0044
666,1,1681365682700.0,2130.06,0.0514,2136.55,0.0029
667,1,1681365682800.0,2130.06,0.0514,2136.54,0.0361
668,1,1681365682900.0,2130.06,0.0514,2136.54,0.0361
669,1,1681365683000.0,2130.06,0.0514,2136.53,0.0038
670,1,1681365683100.0,2130.06,0.0514,2136.52,0.0425
671,1,1681365683200.0,2130.06,0.0514,2136.51,0.0038
672,1,1681365683500.0,2130.06,0.0514,2136.51,0.010100000000000001
673,1,1681365683600.0,2130.06,0.0514,2136.5,0.0416
674,1,1681365683700.0,2130.06,0.0514,2136.49,0.0038
675,1,1681365683800.0,2130.06,0.0514,2136.49,0.0101
676,1,1681365683900.0,2130.06,0.0514,2136.48,0.0415
677,1,1681365684000.0,2130.06,0.0514,2136.47,0.0038
678,1,1681365684100.0,2130.06,0.0514,2136.47,0.0101
679,1,1681365684200.0,2130.06,0.0514,2136.47,0.006599999999999999
680,1,1681365684300.0,2130.06,0.0514,2136.46,0.041
681,1,1681365684400.0,2130.06,0.0514,2136.45,0.0038
682,1,1681365684500.0,2130.06,0.0514,2136.45,0.0038
683,1,1681365684600.0,2130.06,0.0514,2136.44,0.0405
684,1,1681365684700.0,2130.06,0.0514,2136.44,0.0405
685,1,1681365684800.0,2130.06,0.0514,2136.42,0.0453
686,1,1681365685000.0,2130.06,0.0514,2136.41,0.0057
687,1,1681365685100.0,2130.06,0.0514,2136.41,0.006600000000000001
688,1,1681365685200.0,2130.06,0.0514,2136.41,0.010100000000000001
689,1,1681365685300.0,2130.06,0.0514,2136.4,0.0338
690,1,1681365685400.0,2130.06,0.0514,2136.39,0.0073
691,1,1681365685600.0,2130.06,0.0514,2136.39,0.006599999999999999
692,1,1681365685700.0,2130.06,0.0514,2136.38,0.006599999999999999
693,1,1681365685800.0,2130.06,0.0514,2136.38,0.005099999999999999
694,1,1681365685900.0,2130.06,0.0514,2136.65,0.006599999999999999
695,1,1681365686000.0,2130.06,0.0514,2136.65,0.010099999999999998
696,1,1681365686100.0,2130.06,0.0514,2136.65,0.006599999999999997
697,1,1681365686200.0,2130.06,0.0514,2136.64,0.0454
698,1,1681365686300.0,2130.06,0.0514,2136.64,0.0454
699,1,1681365686400.0,2130.06,0.0514,2136.63,0.0038
700,1,1681365686500.0,2130.06,0.0514,2136.62,0.0341
701,1,1681365686600.0,2130.06,0.0514,2136.62,0.0341
702,1,1681365686700.0,2130.06,0.0514,2136.6,0.0394
703,1,1681365686800.0,2130.06,0.0514,2136.59,0.0038
704,1,1681365686900.0,2130.06,0.0514,2136.59,0.0101
705,1,1681365687000.0,2130.06,0.0514,2136.58,0.0443
706,1,1681365687100.0,2130.06,0.0514,2136.58,0.0443
707,1,1681365687200.0,2130.06,0.0514,2136.57,0.006599999999999999
708,1,1681365687300.0,2130.06,0.0514,2136.56,0.0375
709,1,1681365687400.0,2130.06,0.0514,2136.56,0.0375
710,1,1681365687500.0,2130.06,0.0514,2136.55,0.010100000000000001
711,1,1681365687600.0,2130.06,0.0514,2136.54,0.0431
712,1,1681365687700.0,2130.06,0.0514,2136.53,0.0073
713,1,1681365687800.0,2130.06,0.0514,2136.52,0.0381
714,1,1681365687900.0,2130.06,0.0514,2136.51,0.0073
715,1,1681365688000.0,2130.06,0.0514,2136.51,0.0013
716,1,1681365688100.0,2130.06,0.0514,2136.51,0.010100000000000001
717,1,1681365688200.0,2130.06,0.0514,2136.51,0.0028000000000000013
718,1,1681365688300.0,2130.06,0.0514,2136.5,0.0421
719,1,1681365688400.0,2130.06,0.0514,2136.5,0.0421
720,1,1681365688900.0,2130.06,0.0514,2136.5,0.0421
721,1,1681365689000.0,2130.06,0.0514,2136.5,0.0421
722,1,1681365689100.0,2130.06,0.0514,2136.49,0.0101
723,1,1681365689200.0,2130.06,0.0514,2136.65,0.0038
724,1,1681365689300.0,2130.06,0.0514,2136.64,0.0406
725,1,1681365689400.0,2130.06,0.0514,2136.63,0.0038
726,1,1681365689500.0,2130.06,0.0514,2136.63,0.0086
727,1,1681365689600.0,2130.06,0.0514,2136.62,0.0453
728,1,1681365689700.0,2130.06,0.0514,2136.62,0.0453
729,1,1681365689800.0,2130.06,0.0514,2136.61,0.0066
730,1,1681365689900.0,2130.06,0.0514,2136.6,0.0386
731,1,1681365690000.0,2130.06,0.0514,2136.59,0.0038
732,1,1681365690100.0,2130.06,0.0514,2136.59,0.0066
733,1,1681365690200.0,2130.06,0.0514,2136.57,0.0013
734,1,1681365690400.0,2130.06,0.0514,2136.56,0.031
735,1,1681365690500.0,2130.06,0.0514,2136.56,0.031
736,1,1681365690600.0,2130.06,0.0514,2136.56,0.031
737,1,1681365690700.0,2130.06,0.0514,2136.55,0.0066
738,1,1681365690800.0,2130.06,0.0514,2136.54,0.0404
739,1,1681365690900.0,2130.06,0.0514,2136.54,0.0404
740,1,1681365691100.0,2130.06,0.0514,2136.53,0.0101
741,1,1681365691300.0,2130.06,0.0514,2136.52,0.0412
742,1,1681365691400.0,2130.06,0.0514,2136.52,0.0513
743,1,1681365691500.0,2130.06,0.0514,2136.5,0.0437
744,1,1681365691600.0,2130.06,0.0514,2136.5,0.0437
745,1,1681365691700.0,2130.06,0.0514,2136.49,0.0038
746,1,1681365691800.0,2130.06,0.0514,2136.48,0.0396
747,1,1681365692000.0,2130.06,0.0514,2136.47,0.0038
748,1,1681365692100.0,2130.06,0.0514,2136.47,0.006600000000000001
749,1,1681365692200.0,2130.06,0.0514,2136.46,0.0372
750,1,1681365692300.0,2130.06,0.0514,2136.45,0.0038
751,1,1681365692400.0,2130.06,0.0514,2136.45,0.0101
752,1,1681365692500.0,2130.06,0.0514,2136.44,0.032
753,1,1681365692600.0,2130.06,0.0514,2136.43,0.0038
754,1,1681365692800.0,2130.06,0.0514,2136.42,0.0401
755,1,1681365693000.0,2130.06,0.0514,2136.41,0.0073
756,1,1681365693100.0,2130.06,0.0514,2136.4,0.0331
757,1,1681365693300.0,2130.06,0.0514,2136.39,0.0029
758,1,1681365693400.0,2130.06,0.0514,2136.38,0.0302
759,1,1681365693500.0,2130.06,0.0514,2136.38,0.0302
760,1,1681365693600.0,2130.06,0.0514,2136.37,0.0029
761,1,1681365693700.0,2130.06,0.0514,2136.36,0.0011
762,1,1681365693800.0,2130.06,0.0514,2136.36,0.0321
763,1,1681365694000.0,2130.06,0.0514,2136.35,0.0066
764,1,1681365694100.0,2130.06,0.0514,2136.35,0.0072
765,1,1681365694200.0,2130.06,0.0514,2136.34,0.0357
766,1,1681365694300.0,2130.06,0.0514,2136.33,0.0044
767,1,1681365694400.0,2130.06,0.0514,2136.33,0.0044
768,1,1681365694500.0,2130.06,0.0514,2136.32,0.0044
769,1,1681365694600.0,2130.06,0.0514,2136.33,0.0066
770,1,1681365694700.0,2130.06,0.0514,2136.33,0.0072
771,1,1681365694800.0,2130.06,0.0514,2136.32,0.0351
772,1,1681365694900.0,2130.06,0.0514,2136.31,0.0044
773,1,1681365695000.0,2130.06,0.0514,2136.31,0.0057
774,1,1681365695100.0,2130.06,0.0514,2136.31,0.006599999999999999
775,1,1681365695200.0,2130.06,0.0514,2136.29,0.0038
776,1,1681365695400.0,2130.06,0.0514,2136.29,0.0101
777,1,1681365695500.0,2130.06,0.0514,2136.28,0.0367
778,1,1681365695600.0,2130.06,0.0514,2136.27,0.0038
779,1,1681365695700.0,2130.06,0.0514,2136.27,0.006600000000000001
780,1,1681365695800.0,2130.06,0.0514,2136.65,0.0073
781,1,1681365696000.0,2130.06,0.0514,2136.64,0.0435
782,1,1681365696200.0,2130.06,0.0514,2136.63,0.0073
783,1,1681365696300.0,2130.06,0.0514,2136.62,0.0426
784,1,1681365696400.0,2130.06,0.0514,2136.61,0.0073
785,1,1681365696500.0,2130.06,0.0514,2136.6,0.0425
786,1,1681365696600.0,2130.06,0.0514,2136.59,0.0073
787,1,1681365696800.0,2130.06,0.0514,2136.58,0.049
788,1,1681365697000.0,2130.06,0.0514,2136.56,0.067
789,1,1681365697100.0,2130.06,0.0514,2136.56,0.067
790,1,1681365697200.0,2130.06,0.0514,2136.56,0.067
791,1,1681365697300.0,2130.06,0.0514,2136.55,0.0101
792,1,1681365697400.0,2130.06,0.0514,2136.54,0.0196
793,1,1681365697500.0,2130.06,0.0514,2136.54,0.0269
794,1,1681365697600.0,2130.06,0.0514,2136.53,0.0028
795,1,1681365697700.0,2130.06,0.0514,2136.53,0.0027999999999999995
796,1,1681365697800.0,2130.06,0.0514,2136.52,0.0427
797,1,1681365698500.0,2130.06,0.0514,2136.51,0.002800000000000001
798,1,1681365698600.0,2130.06,0.0514,2136.5,0.0276
799,1,1681365698700.0,2130.06,0.0514,2136.5,0.0276
800,1,1681365698800.0,2130.06,0.0514,2136.5,0.0276
801,1,1681365698900.0,2130.06,0.0514,2136.48,0.0442
802,1,1681365699100.0,2130.06,0.0514,2136.48,0.0442
803,1,1681365699200.0,2130.06,0.0514,2136.47,0.0139
804,1,1681365699300.0,2130.06,0.0514,2136.46,0.0432
805,1,1681365699400.0,2130.06,0.0514,2136.46,0.0432
806,1,1681365699500.0,2130.06,0.0514,2136.45,0.0111
807,1,1681365699600.0,2130.06,0.0514,2136.44,0.0397
808,1,1681365699700.0,2130.06,0.0514,2136.43,0.0111
809,1,1681365699900.0,2130.06,0.0514,2136.42,0.0409
810,1,1681365700000.0,2130.06,0.0514,2136.42,0.0409
811,1,1681365700100.0,2130.06,0.0514,2136.4,0.0445
812,1,1681365700200.0,2130.06,0.0514,2136.4,0.0445
813,1,1681365700300.0,2130.06,0.0514,2136.39,0.0111
814,1,1681365700400.0,2130.06,0.0514,2136.38,0.0183
815,1,1681365700600.0,2130.06,0.0514,2136.37,0.0139
816,1,1681365700700.0,2130.06,0.0514,2136.37,0.0139
817,1,1681365700800.0,2130.06,0.0514,2136.37,0.0027999999999999987
818,1,1681365700900.0,2130.06,0.0514,2136.65,0.0111
819,1,1681365701000.0,2130.06,0.0514,2136.65,0.010100000000000001
820,1,1681365701100.0,2130.06,0.0514,2136.65,0.0028000000000000013
821,1,1681365701200.0,2130.06,0.0514,2136.64,0.039
822,1,1681365701400.0,2130.06,0.0514,2136.63,0.0044
823,1,1681365701500.0,2130.06,0.0514,2136.62,0.0454
824,1,1681365701700.0,2130.06,0.0514,2136.61,0.0028
825,1,1681365701800.0,2130.06,0.0514,2136.6,0.0304
826,1,1681365702000.0,2130.06,0.0514,2136.59,0.0111
827,1,1681365702100.0,2130.06,0.0514,2136.58,0.0446
828,1,1681365702200.0,2130.06,0.0514,2136.57,0.0028
829,1,1681365702300.0,2130.06,0.0514,2136.57,0.013900000000000001
830,1,1681365702400.0,2130.06,0.0514,2136.56,0.0295
831,1,1681365702500.0,2130.06,0.0514,2136.55,0.0073
832,1,1681365702600.0,2130.06,0.0514,2136.54,0.0411
833,1,1681365702700.0,2130.06,0.0514,2136.53,0.0073
834,1,1681365702800.0,2130.06,0.0514,2136.53,0.0028
835,1,1681365703000.0,2130.06,0.0514,2136.53,0.0101
836,1,1681365703100.0,2130.06,0.0514,2136.53,0.0027999999999999995
837,1,1681365703200.0,2130.06,0.0514,2136.52,0.0397
838,1,1681365703300.0,2130.06,0.0514,2136.51,0.0073
839,1,1681365703400.0,2130.06,0.0514,2136.51,0.0028000000000000004
840,1,1681365703500.0,2130.06,0.0514,2136.5,0.04
841,1,1681365703600.0,2130.06,0.0514,2136.5,0.04
842,1,1681365703700.0,2130.06,0.0514,2136.49,0.0139
843,1,1681365703800.0,2130.06,0.0514,2136.49,0.0027999999999999987
844,1,1681365703900.0,2130.06,0.0514,2136.49,0.0139
845,1,1681365704000.0,2130.06,0.0514,2136.48,0.0442
846,1,1681365704100.0,2130.06,0.0514,2136.47,0.006699999999999999
847,1,1681365704200.0,2130.06,0.0514,2136.47,0.011099999999999999
848,1,1681365704300.0,2130.06,0.0514,2136.47,0.0027999999999999987
849,1,1681365704400.0,2130.06,0.0514,2136.46,0.0236
850,1,1681365704600.0,2130.06,0.0514,2136.46,0.0236
851,1,1681365704700.0,2130.06,0.0514,2136.45,0.0139
852,1,1681365704900.0,2130.06,0.0514,2136.66,0.0335
853,1,1681365705100.0,2130.06,0.0514,2136.65,0.0139
854,1,1681365705200.0,2130.06,0.0514,2136.65,0.0139
855,1,1681365705300.0,2130.06,0.0514,2136.64,0.0477
856,1,1681365705400.0,2130.06,0.0514,2136.64,0.0477
857,1,1681365705500.0,2130.06,0.0514,2136.63,0.0013
858,1,1681365705600.0,2130.06,0.0514,2136.63,0.0028
859,1,1681365705700.0,2130.06,0.0514,2136.66,0.0188
860,1,1681365705900.0,2130.06,0.0514,2136.64,0.039
861,1,1681365706100.0,2130.06,0.0514,2136.64,0.039
862,1,1681365706200.0,2130.06,0.0514,2136.63,0.0028
863,1,1681365706300.0,2130.06,0.0514,2136.62,0.038
864,1,1681365706400.0,2130.06,0.0514,2136.62,0.038
865,1,1681365706600.0,2130.06,0.0514,2136.61,0.0139
866,1,1681365706700.0,2130.06,0.0514,2136.6,0.0468
867,1,1681365706800.0,2130.06,0.0514,2136.59,0.0111
868,1,1681365706900.0,2130.06,0.0514,2136.58,0.0423
869,1,1681365707200.0,2130.06,0.0514,2136.58,0.0423
870,1,1681365707700.0,2130.06,0.0514,2136.57,0.0111
871,1,1681365707800.0,2130.06,0.0514,2136.56,0.0441
872,1,1681365707900.0,2130.06,0.0514,2136.55,0.0111
873,1,1681365708100.0,2130.06,0.0514,2136.54,0.0282
874,1,1681365708200.0,2130.06,0.0514,2136.54,0.0282
875,1,1681365708400.0,2130.06,0.0514,2136.53,0.0139
876,1,1681365708600.0,2130.06,0.0514,2136.66,0.0333
877,1,1681365708700.0,2130.06,0.0514,2136.64,0.0476
878,1,1681365708800.0,2130.06,0.0514,2136.63,0.0111
879,1,1681365708900.0,2130.06,0.0514,2136.63,0.006600000000000001
880,1,1681365709000.0,2130.06,0.0514,2136.62,0.0291
881,1,1681365709100.0,2130.06,0.0514,2136.62,0.0291
882,1,1681365709200.0,2130.06,0.0514,2136.61,0.0139
883,1,1681365709300.0,2130.06,0.0514,2136.6,0.0466
884,1,1681365709400.0,2130.06,0.0514,2136.6,0.0466
885,1,1681365709600.0,2130.06,0.0514,2136.59,0.0139
886,1,1681365709800.0,2130.06,0.0514,2136.58,0.0462
887,1,1681365709900.0,2130.06,0.0514,2136.58,0.04619999999999999
888,1,1681365710000.0,2130.06,0.0514,2136.57,0.0139
889,1,1681365710100.0,2130.06,0.0514,2136.56,0.0461
890,1,1681365710200.0,2130.06,0.0514,2136.56,0.0461
891,1,1681365710300.0,2130.06,0.0514,2136.55,0.0111
892,1,1681365710400.0,2130.06,0.0514,2136.54,0.05
893,1,1681365710500.0,2130.06,0.0514,2136.53,0.0111
894,1,1681365710700.0,2130.06,0.0514,2136.52,0.0364
895,1,1681365710900.0,2130.06,0.0514,2136.5,0.0426
896,1,1681365711000.0,2130.06,0.0514,2136.5,0.0426
897,1,1681365711100.0,2130.06,0.0514,2136.48,0.0484
898,1,1681365711200.0,2130.06,0.0514,2136.47,0.0111
899,1,1681365711400.0,2130.06,0.0514,2136.47,0.0028000000000000004
900,1,1681365711500.0,2130.06,0.0514,2136.46,0.0191
901,1,1681365711600.0,2130.06,0.0514,2136.46,0.0191
902,1,1681365711800.0,2130.06,0.0514,2136.45,0.011
903,1,1681365712000.0,2130.06,0.0514,2136.66,0.033
904,1,1681365712100.0,2130.06,0.0514,2136.65,0.011
905,1,1681365712200.0,2130.06,0.0514,2136.65,0.0027999999999999987
906,1,1681365712400.0,2130.06,0.0514,2136.65,0.0027999999999999987
907,1,1681365712500.0,2130.06,0.0514,2136.65,0.0027999999999999987
908,1,1681365712600.0,2130.06,0.0514,2136.64,0.0391
909,1,1681365712700.0,2130.06,0.0514,2136.64,0.0391
910,1,1681365712800.0,2130.06,0.0514,2136.63,0.0028000000000000004
911,1,1681365712900.0,2130.06,0.0514,2136.63,0.013900000000000001
912,1,1681365713000.0,2130.06,0.0514,2136.63,0.0028000000000000004
913,1,1681365713100.0,2130.06,0.0514,2136.62,0.0376
914,1,1681365713200.0,2130.06,0.0514,2136.62,0.0376
915,1,1681365713300.0,2130.06,0.0514,2136.66,0.0285
916,1,1681365713400.0,2130.06,0.0514,2136.61,0.0139
917,1,1681365713500.0,2130.06,0.0514,2136.66,0.0285
918,1,1681365713600.0,2130.06,0.0514,2136.64,0.0475
919,1,1681365713800.0,2130.06,0.0514,2136.63,0.0139
920,1,1681365713900.0,2130.06,0.0514,2136.62,0.0467
921,1,1681365714000.0,2130.06,0.0514,2136.61,0.0111
922,1,1681365714100.0,2130.06,0.0514,2136.61,0.0015
923,1,1681365714200.0,2130.06,0.0514,2136.6,0.043
924,1,1681365714300.0,2130.06,0.0514,2136.59,0.0111
925,1,1681365714400.0,2130.06,0.0514,2136.59,0.0028000000000000004
926,1,1681365714500.0,2130.06,0.0514,2136.58,0.0313
927,1,1681365714600.0,2130.06,0.0514,2136.58,0.0313
928,1,1681365714700.0,2130.06,0.0514,2136.57,0.0139
929,1,1681365714900.0,2130.06,0.0514,2136.55,0.0111
930,1,1681365715000.0,2130.06,0.0514,2136.55,0.0111
931,1,1681365715100.0,2130.06,0.0514,2136.54,0.0377
932,1,1681365715200.0,2130.06,0.0514,2136.53,0.0028
933,1,1681365715400.0,2130.06,0.0514,2136.51,0.0111
934,1,1681365715600.0,2130.06,0.0514,2136.51,0.0028000000000000004
935,1,1681365715700.0,2130.06,0.0514,2136.51,0.013900000000000001
936,1,1681365715800.0,2130.06,0.0514,2136.5,0.0313
937,1,1681365715900.0,2130.06,0.0514,2136.5,0.0313
938,1,1681365716600.0,2130.06,0.0514,2136.49,0.0073
939,1,1681365716700.0,2130.06,0.0514,2136.48,0.0392
940,1,1681365716800.0,2130.06,0.0514,2136.47,0.0073
941,1,1681365717000.0,2130.06,0.0514,2136.46,0.0426
942,1,1681365717200.0,2130.06,0.0514,2136.45,0.0073
943,1,1681365717300.0,2130.06,0.0514,2136.44,0.0338
944,1,1681365717400.0,2130.06,0.0514,2136.43,0.0073
945,1,1681365717600.0,2130.06,0.0514,2136.43,0.005300000000000001
946,1,1681365717700.0,2130.06,0.0514,2136.41,0.0086
947,1,1681365717800.0,2130.06,0.0514,2136.41,0.0095
948,1,1681365717900.0,2130.06,0.0514,2136.4,0.0354
949,1,1681365718000.0,2130.06,0.0514,2136.39,0.0073
950,1,1681365718100.0,2130.06,0.0514,2136.38,0.0367
951,1,1681365718200.0,2130.06,0.0514,2136.38,0.0367
952,1,1681365718600.0,2130.06,0.0514,2136.37,0.0073
953,1,1681365718700.0,2130.06,0.0514,2136.36,0.0424
954,1,1681365718800.0,2130.06,0.0514,2136.35,0.0066
955,1,1681365718900.0,2130.06,0.0514,2136.35,0.0101
956,1,1681365719000.0,2130.06,0.0514,2136.34,0.0333
957,1,1681365719100.0,2130.06,0.0514,2136.33,0.0073
958,1,1681365719200.0,2130.06,0.0514,2136.33,0.0066
959,1,1681365719300.0,2130.06,0.0514,2136.32,0.0341
960,1,1681365719400.0,2130.06,0.0514,2136.31,0.0038
961,1,1681365719600.0,2130.06,0.0514,2136.31,0.0101
962,1,1681365719700.0,2130.06,0.0514,2136.3,0.0368
963,1,1681365719800.0,2130.06,0.0514,2136.3,0.0368
964,1,1681365719900.0,2130.06,0.0514,2136.29,0.006599999999999999
965,1,1681365720000.0,2130.06,0.0514,2136.28,0.0293
966,1,1681365720100.0,2130.06,0.0514,2136.28,0.0293
967,1,1681365720200.0,2130.06,0.0514,2136.27,0.0038
968,1,1681365720300.0,2130.06,0.0514,2136.26,0.0291
969,1,1681365720400.0,2130.06,0.0514,2136.25,0.0038
970,1,1681365720500.0,2130.06,0.0514,2136.24,0.0281
971,1,1681365720600.0,2130.06,0.0514,2136.24,0.0281
972,1,1681365720700.0,2130.06,0.0514,2136.23,0.0072
973,1,1681365720800.0,2130.06,0.0514,2136.23,0.011
974,1,1681365720900.0,2130.06,0.0514,2136.23,0.006599999999999999
975,1,1681365721000.0,2130.06,0.0514,2136.65,0.0044
976,1,1681365721100.0,2130.06,0.0514,2136.65,0.006599999999999999
977,1,1681365721200.0,2130.06,0.0514,2136.64,0.0467
978,1,1681365721300.0,2130.06,0.0514,2136.63,0.0066
979,1,1681365721400.0,2130.06,0.0514,2136.63,0.0072
980,1,1681365721500.0,2130.06,0.0514,2136.63,0.011
981,1,1681365721600.0,2130.06,0.0514,2136.63,0.006599999999999999
982,1,1681365721700.0,2130.06,0.0514,2136.63,0.006599999999999999
983,1,1681365721800.0,2130.06,0.0514,2136.62,0.0414
984,1,1681365721900.0,2130.06,0.0514,2136.61,0.0038
985,1,1681365722000.0,2130.06,0.0514,2136.61,0.0072
986,1,1681365722200.0,2130.06,0.0514,2136.61,0.006599999999999999
987,1,1681365722300.0,2130.06,0.0514,2136.61,0.0072
988,1,1681365722400.0,2130.06,0.0514,2136.6,0.0038
989,1,1681365722500.0,2130.06,0.0514,2136.6,0.0402
990,1,1681365722600.0,2130.06,0.0514,2136.6,0.0402
991,1,1681365722700.0,2130.06,0.0514,2136.59,0.0073
992,1,1681365722800.0,2130.06,0.0514,2136.59,0.0051
993,1,1681365722900.0,2130.06,0.0514,2136.58,0.0417
994,1,1681365723000.0,2130.06,0.0514,2136.57,0.0073
995,1,1681365723100.0,2130.06,0.0514,2136.56,0.0073
996,1,1681365723200.0,2130.06,0.0514,2136.56,0.0073
997,1,1681365723300.0,2130.06,0.0514,2136.55,0.0507
998,1,1681365723500.0,2130.06,0.0514,2136.54,0.0073
999,1,1681365723600.0,2130.06,0.0514,2136.53,0.030100000000000002
1000,1,1681365723700.0,2130.06,0.0514,2136.52,0.0066
1001,1,1681365723900.0,2130.06,0.0514,2136.51,0.0474
1002,1,1681365724100.0,2130.06,0.0514,2136.5,0.0029
1003,1,1681365724300.0,2130.06,0.0514,2136.49,0.0218
1004,1,1681365724400.0,2130.06,0.0514,2136.48,0.0029
1005,1,1681365724500.0,2130.06,0.0514,2136.47,0.034
1006,1,1681365724600.0,2130.06,0.0514,2136.46,0.0029
1007,1,1681365724700.0,2130.06,0.0514,2136.46,0.0073
1008,1,1681365724800.0,2130.06,0.0514,2136.45,0.0454
1009,1,1681365724900.0,2130.06,0.0514,2136.44,0.0044
1010,1,1681365725000.0,2130.06,0.0514,2136.44,0.005100000000000001
1011,1,1681365725100.0,2130.06,0.0514,2136.43,0.024
1012,1,1681365725200.0,2130.06,0.0514,2136.42,0.008
1013,1,1681365725300.0,2130.06,0.0514,2136.41,0.038
1014,1,1681365725900.0,2130.06,0.0514,2136.41,0.038
1015,1,1681365726000.0,2130.06,0.0514,2136.4,0.0057
1016,1,1681365726200.0,2130.06,0.0514,2136.39,0.0322
1017,1,1681365726400.0,2130.06,0.0514,2136.38,0.0029
1018,1,1681365726500.0,2130.06,0.0514,2136.37,0.03
1019,1,1681365726600.0,2130.06,0.0514,2136.36,0.0029
1020,1,1681365726700.0,2130.06,0.0514,2136.36,0.0029
1021,1,1681365726800.0,2130.06,0.0514,2136.36,0.005700000000000001
1022,1,1681365726900.0,2130.06,0.0514,2136.36,0.005700000000000001
1023,1,1681365727000.0,2130.06,0.0514,2136.65,0.0082
1024,1,1681365727100.0,2130.06,0.0514,2136.65,0.0057
1025,1,1681365727200.0,2130.06,0.0514,2136.64,0.0437
1026,1,1681365727300.0,2130.06,0.0514,2136.63,0.0082
1027,1,1681365727400.0,2130.06,0.0514,2136.63,0.005700000000000001
1028,1,1681365727500.0,2130.06,0.0514,2136.62,0.0387
1029,1,1681365727600.0,2130.06,0.0514,2136.61,0.0029
1030,1,1681365727700.0,2130.06,0.0514,2136.6,0.037
1031,1,1681365727800.0,2130.06,0.0514,2136.6,0.037
1032,1,1681365727900.0,2130.06,0.0514,2136.59,0.0029
1033,1,1681365728000.0,2130.06,0.0514,2136.58,0.0436
1034,1,1681365728100.0,2130.06,0.0514,2136.58,0.0465
1035,1,1681365728200.0,2130.06,0.0514,2136.57,0.011
1036,1,1681365728300.0,2130.06,0.0514,2136.56,0.0665
1037,1,1681365728400.0,2130.06,0.0514,2136.55,0.0082
1038,1,1681365728500.0,2130.06,0.0514,2136.55,0.0082
1039,1,1681365728600.0,2130.06,0.0514,2136.55,0.011000000000000001
1040,1,1681365728700.0,2130.06,0.0514,2136.54,0.0205
1041,1,1681365728800.0,2130.06,0.0514,2136.54,0.0205
1042,1,1681365728900.0,2130.06,0.0514,2136.53,0.0082
1043,1,1681365729000.0,2130.06,0.0514,2136.53,0.005700000000000001
1044,1,1681365729100.0,2130.06,0.0514,2136.52,0.0387
1045,1,1681365729300.0,2130.06,0.0514,2136.51,0.0029
1046,1,1681365729400.0,2130.06,0.0514,2136.5,0.0314
1047,1,1681365729500.0,2130.06,0.0514,2136.49,0.0082
1048,1,1681365729600.0,2130.06,0.0514,2136.48,0.04
1049,1,1681365729700.0,2130.06,0.0514,2136.47,0.0082
1050,1,1681365729800.0,2130.06,0.0514,2136.47,0.011000000000000001
1051,1,1681365729900.0,2130.06,0.0514,2136.45,0.0082
1052,1,1681365730000.0,2130.06,0.0514,2136.45,0.013900000000000001
1053,1,1681365730100.0,2130.06,0.0514,2136.45,0.010100000000000001
1054,1,1681365730200.0,2130.06,0.0514,2136.45,0.010100000000000001
1055,1,1681365730300.0,2130.06,0.0514,2136.44,0.0411
1056,1,1681365730400.0,2130.06,0.0514,2136.43,0.0101
1057,1,1681365730500.0,2130.06,0.0514,2136.42,0.0388
1058,1,1681365730600.0,2130.06,0.0514,2136.42,0.0388
1059,1,1681365730700.0,2130.06,0.0514,2136.41,0.0073
1060,1,1681365730800.0,2130.06,0.0514,2136.4,0.0356
1061,1,1681365730900.0,2130.06,0.0514,2136.4,0.0356
1062,1,1681365731000.0,2130.06,0.0514,2136.39,0.0073
1063,1,1681365731100.0,2130.06,0.0514,2136.39,0.0101
1064,1,1681365731300.0,2130.06,0.0514,2136.39,0.0101
1065,1,1681365731400.0,2130.06,0.0514,2136.38,0.0389
1066,1,1681365731500.0,2130.06,0.0514,2136.37,0.0073
1067,1,1681365731600.0,2130.06,0.0514,2136.37,0.0053
1068,1,1681365731700.0,2130.06,0.0514,2136.37,0.0066
1069,1,1681365731800.0,2130.06,0.0514,2136.36,0.0318
1070,1,1681365731900.0,2130.06,0.0514,2136.35,0.0038
1071,1,1681365732000.0,2130.06,0.0514,2136.34,0.0312
1072,1,1681365732100.0,2130.06,0.0514,2136.34,0.0312
1073,1,1681365732200.0,2130.06,0.0514,2136.33,0.0086
1074,1,1681365732300.0,2130.06,0.0514,2136.32,0.0374
1075,1,1681365732400.0,2130.06,0.0514,2136.32,0.0374
1076,1,1681365732500.0,2130.06,0.0514,2136.31,0.0101
1077,1,1681365732600.0,2130.06,0.0514,2136.3,0.0365
1078,1,1681365732700.0,2130.06,0.0514,2136.29,0.0073
1079,1,1681365732800.0,2130.06,0.0514,2136.29,0.0027999999999999995
1080,1,1681365732900.0,2130.06,0.0514,2136.28,0.0316
1081,1,1681365733000.0,2130.06,0.0514,2136.28,0.0316
1082,1,1681365733100.0,2130.06,0.0514,2136.27,0.0139
1083,1,1681365733300.0,2130.06,0.0514,2136.66,0.033
1084,1,1681365733400.0,2130.06,0.0514,2136.65,0.0139
1085,1,1681365733500.0,2130.06,0.0514,2136.64,0.0473
1086,1,1681365733600.0,2130.06,0.0514,2136.63,0.0111
1087,1,1681365733700.0,2130.06,0.0514,2136.63,0.005700000000000001
1088,1,1681365733800.0,2130.06,0.0514,2136.62,0.043
1089,1,1681365733900.0,2130.06,0.0514,2136.62,0.043
1090,1,1681365734000.0,2130.06,0.0514,2136.61,0.011
1091,1,1681365734100.0,2130.06,0.0514,2136.6,0.0464
1092,1,1681365734200.0,2130.06,0.0514,2136.59,0.0067
1093,1,1681365734300.0,2130.06,0.0514,2136.59,0.0111
1094,1,1681365734400.0,2130.06,0.0514,2136.59,0.0028000000000000004
1095,1,1681365734500.0,2130.06,0.0514,2136.59,0.013900000000000001
1096,1,1681365734600.0,2130.06,0.0514,2136.58,0.0456
1097,1,1681365734700.0,2130.06,0.0514,2136.58,0.0456
1098,1,1681365735200.0,2130.06,0.0514,2136.58,0.0456
1099,1,1681365735300.0,2130.06,0.0514,2136.58,0.0456
1100,1,1681365735400.0,2130.06,0.0514,2136.56,0.0378
1101,1,1681365735500.0,2130.06,0.0514,2136.55,0.006699999999999999
1102,1,1681365735600.0,2130.06,0.0514,2136.55,0.0013
1103,1,1681365735700.0,2130.06,0.0514,2136.54,0.0295
1104,1,1681365735800.0,2130.06,0.0514,2136.54,0.0295
1105,1,1681365736000.0,2130.06,0.0514,2136.54,0.0295
1106,1,1681365736100.0,2130.06,0.0514,2136.53,0.008
1107,1,1681365736600.0,2130.06,0.0514,2136.65,0.005900000000000001
1108,1,1681365736800.0,2130.06,0.0514,2136.64,0.0419
1109,1,1681365737000.0,2130.06,0.0514,2136.62,0.0473
1110,1,1681365737100.0,2130.06,0.0514,2136.61,0.0095
1111,1,1681365737300.0,2130.06,0.0514,2136.6,0.0361
1112,1,1681365737400.0,2130.06,0.0514,2136.59,0.0067
1113,1,1681365737500.0,2130.06,0.0514,2136.59,0.0072
1114,1,1681365737600.0,2130.06,0.0514,2136.58,0.0415
1115,1,1681365737700.0,2130.06,0.0514,2136.57,0.0044
1116,1,1681365737800.0,2130.06,0.0514,2136.57,0.0044
1117,1,1681365737900.0,2130.06,0.0514,2136.56,0.0351
1118,1,1681365738000.0,2130.06,0.0514,2136.55,0.0044
1119,1,1681365738100.0,2130.06,0.0514,2136.55,0.010100000000000001
1120,1,1681365738200.0,2130.06,0.0514,2136.54,0.0044
1121,1,1681365738300.0,2130.06,0.0514,2136.54,0.0471
1122,1,1681365738400.0,2130.06,0.0514,2136.54,0.0427
1123,1,1681365738500.0,2130.06,0.0514,2136.52,0.0318
1124,1,1681365738600.0,2130.06,0.0514,2136.52,0.0318
1125,1,1681365738700.0,2130.06,0.0514,2136.51,0.0067
1126,1,1681365738800.0,2130.06,0.0514,2136.5,0.039
1127,1,1681365738900.0,2130.06,0.0514,2136.49,0.0044
1128,1,1681365739000.0,2130.06,0.0514,2136.48,0.0331
1129,1,1681365739100.0,2130.06,0.0514,2136.48,0.0331
1130,1,1681365739200.0,2130.06,0.0514,2136.47,0.0044
1131,1,1681365739300.0,2130.06,0.0514,2136.47,0.0067
1132,1,1681365739400.0,2130.06,0.0514,2136.47,0.007199999999999999
1133,1,1681365739500.0,2130.06,0.0514,2136.46,0.0379
1134,1,1681365739600.0,2130.06,0.0514,2136.45,0.007199999999999999
1135,1,1681365739700.0,2130.06,0.0514,2136.44,0.0379
1136,1,1681365739800.0,2130.06,0.0514,2136.44,0.0379
1137,1,1681365739900.0,2130.06,0.0514,2136.43,0.009499999999999998
1138,1,1681365740000.0,2130.06,0.0514,2136.43,0.007199999999999999
1139,1,1681365740100.0,2130.06,0.0514,2136.42,0.0372
1140,1,1681365740200.0,2130.06,0.0514,2136.41,0.0044
1141,1,1681365740300.0,2130.06,0.0514,2136.41,0.0086
1142,1,1681365740400.0,2130.06,0.0514,2136.41,0.0057
1143,1,1681365740500.0,2130.06,0.0514,2136.41,0.0057
1144,1,1681365740600.0,2130.06,0.0514,2136.4,0.0381
1145,1,1681365740700.0,2130.06,0.0514,2136.39,0.0029
1146,1,1681365740800.0,2130.06,0.0514,2136.39,0.0057
1147,1,1681365741000.0,2130.06,0.0514,2136.37,0.0044
1148,1,1681365741100.0,2130.06,0.0514,2136.37,0.0042
1149,1,1681365741200.0,2130.06,0.0514,2136.37,0.0057
1150,1,1681365741300.0,2130.06,0.0514,2136.36,0.0342
1151,1,1681365741400.0,2130.06,0.0514,2136.35,0.0053
1152,1,1681365741500.0,2130.06,0.0514,2136.34,0.0323
1153,1,1681365741700.0,2130.06,0.0514,2136.33,0.0072
1154,1,1681365741800.0,2130.06,0.0514,2136.32,0.0293
1155,1,1681365741900.0,2130.06,0.0514,2136.32,0.0293
1156,1,1681365742000.0,2130.06,0.0514,2136.3,0.0311
1157,1,1681365742100.0,2130.06,0.0514,2136.29,0.0044
1158,1,1681365742200.0,2130.06,0.0514,2136.29,0.006599999999999999
1159,1,1681365742300.0,2130.06,0.0514,2136.28,0.0332
1160,1,1681365742400.0,2130.06,0.0514,2136.28,0.0332
1161,1,1681365742500.0,2130.06,0.0514,2136.27,0.0038
1162,1,1681365742600.0,2130.06,0.0514,2136.26,0.0344
1163,1,1681365742800.0,2130.06,0.0514,2136.25,0.0029
1164,1,1681365742900.0,2130.06,0.0514,2136.25,0.005699999999999999
1165,1,1681365743000.0,2130.06,0.0514,2136.24,0.0279
1166,1,1681365743100.0,2130.06,0.0514,2136.23,0.0029
1167,1,1681365743200.0,2130.06,0.0514,2136.23,0.0066
1168,1,1681365743300.0,2130.06,0.0514,2136.22,0.0315
1169,1,1681365743400.0,2130.06,0.0514,2136.21,0.0073
1170,1,1681365743500.0,2130.06,0.0514,2136.21,0.006599999999999999
1171,1,1681365743600.0,2130.06,0.0514,2136.2,0.0305
1172,1,1681365743700.0,2130.06,0.0514,2136.2,0.0305
1173,1,1681365743800.0,2130.06,0.0514,2136.19,0.0038
1174,1,1681365743900.0,2130.06,0.0514,2136.19,0.0101
1175,1,1681365744100.0,2130.06,0.0514,2136.65,0.0101
1176,1,1681365744200.0,2130.06,0.0514,2136.64,0.0398
1177,1,1681365744300.0,2130.06,0.0514,2136.63,0.0038
1178,1,1681365744400.0,2130.06,0.0514,2136.63,0.0101
1179,1,1681365744600.0,2130.06,0.0514,2136.62,0.0445
1180,1,1681365745000.0,2130.06,0.0514,2136.62,0.0445
1181,1,1681365745100.0,2130.06,0.0514,2136.62,0.0445
1182,1,1681365745400.0,2130.06,0.0514,2136.61,0.0073
1183,1,1681365745500.0,2130.06,0.0514,2136.61,0.0111
1184,1,1681365745600.0,2130.06,0.0514,2136.6,0.0384
1185,1,1681365745700.0,2130.06,0.0514,2136.6,0.0384
1186,1,1681365745800.0,2130.06,0.0514,2136.59,0.0101
1187,1,1681365745900.0,2130.06,0.0514,2136.59,0.0139
1188,1,1681365746000.0,2130.06,0.0514,2136.58,0.0436
1189,1,1681365746100.0,2130.06,0.0514,2136.57,0.0073
1190,1,1681365746200.0,2130.06,0.0514,2136.57,0.006599999999999999
1191,1,1681365746300.0,2130.06,0.0514,2136.56,0.0376
1192,1,1681365746400.0,2130.06,0.0514,2136.55,0.0073
1193,1,1681365746500.0,2130.06,0.0514,2136.55,0.0126
1194,1,1681365746600.0,2130.06,0.0514,2136.54,0.04
1195,1,1681365746800.0,2130.06,0.0514,2136.53,0.0038
1196,1,1681365746900.0,2130.06,0.0514,2136.52,0.0474
1197,1,1681365747000.0,2130.06,0.0514,2136.51,0.0038
1198,1,1681365747100.0,2130.06,0.0514,2136.51,0.008800000000000002
1199,1,1681365747200.0,2130.06,0.0514,2136.51,0.0066000000000000026
1200,1,1681365747300.0,2130.06,0.0514,2136.5,0.031
1201,1,1681365747400.0,2130.06,0.0514,2136.5,0.031
1202,1,1681365747500.0,2130.06,0.0514,2136.49,0.010100000000000001
1203,1,1681365747600.0,2130.06,0.0514,2136.48,0.0415
1204,1,1681365747700.0,2130.06,0.0514,2136.47,0.0073
1205,1,1681365747900.0,2130.06,0.0514,2136.47,0.0066
1206,1,1681365748000.0,2130.06,0.0514,2136.46,0.0259
1207,1,1681365748100.0,2130.06,0.0514,2136.45,0.0038
1208,1,1681365748200.0,2130.06,0.0514,2136.45,0.0101
1209,1,1681365748300.0,2130.06,0.0514,2136.44,0.0403
1210,1,1681365748400.0,2130.06,0.0514,2136.43,0.0038
1211,1,1681365748600.0,2130.06,0.0514,2136.42,0.0272
1212,1,1681365748800.0,2130.06,0.0514,2136.4,0.0331
1213,1,1681365749000.0,2130.06,0.0514,2136.39,0.0038
1214,1,1681365749100.0,2130.06,0.0514,2136.38,0.0389
1215,1,1681365749200.0,2130.06,0.0514,2136.38,0.0389
1216,1,1681365749300.0,2130.06,0.0514,2136.37,0.0073
1217,1,1681365749400.0,2130.06,0.0514,2136.36,0.039
1218,1,1681365749500.0,2130.06,0.0514,2136.35,0.0073
1219,1,1681365749700.0,2130.06,0.0514,2136.35,0.006599999999999999
1220,1,1681365749800.0,2130.06,0.0514,2136.34,0.0306
1221,1,1681365749900.0,2130.06,0.0514,2136.33,0.0073
1222,1,1681365750000.0,2130.06,0.0514,2136.33,0.0073
1223,1,1681365750100.0,2130.06,0.0514,2136.33,0.0066
1224,1,1681365750200.0,2130.06,0.0514,2136.32,0.0344
1225,1,1681365750400.0,2130.06,0.0514,2136.31,0.0057
1226,1,1681365750500.0,2130.06,0.0514,2136.3,0.0311
1227,1,1681365750600.0,2130.06,0.0514,2136.29,0.0044
1228,1,1681365750700.0,2130.06,0.0514,2136.29,0.005100000000000001
1229,1,1681365750800.0,2130.06,0.0514,2136.28,0.0315
1230,1,1681365750900.0,2130.06,0.0514,2136.27,0.0038
1231,1,1681365751000.0,2130.06,0.0514,2136.26,0.027
1232,1,1681365751100.0,2130.06,0.0514,2136.25,0.0038
1233,1,1681365751300.0,2130.06,0.0514,2136.25,0.0057
1234,1,1681365751400.0,2130.06,0.0514,2136.24,0.0311
1235,1,1681365751500.0,2130.06,0.0514,2136.23,0.0073
1236,1,1681365751600.0,2130.06,0.0514,2136.23,0.0073
1237,1,1681365751700.0,2130.06,0.0514,2136.22,0.0326
1238,1,1681365751800.0,2130.06,0.0514,2136.21,0.0038
1239,1,1681365751900.0,2130.06,0.0514,2136.21,0.0038
1240,1,1681365752000.0,2130.06,0.0514,2136.65,0.0101
1241,1,1681365752100.0,2130.06,0.0514,2136.64,0.0452
1242,1,1681365752200.0,2130.06,0.0514,2136.64,0.0452
1243,1,1681365752300.0,2130.06,0.0514,2136.63,0.0073
1244,1,1681365752400.0,2130.06,0.0514,2136.61,0.0073
1245,1,1681365752500.0,2130.06,0.0514,2136.61,0.0139
1246,1,1681365752600.0,2130.06,0.0514,2136.6,0.0418
1247,1,1681365752800.0,2130.06,0.0514,2136.59,0.0073
1248,1,1681365752900.0,2130.06,0.0514,2136.59,0.006599999999999999
1249,1,1681365753000.0,2130.06,0.0514,2136.58,0.0404
1250,1,1681365753100.0,2130.06,0.0514,2136.58,0.0404
1251,1,1681365753300.0,2130.06,0.0514,2136.57,0.0038
1252,1,1681365753500.0,2130.06,0.0514,2136.56,0.0356
1253,1,1681365753800.0,2130.06,0.0514,2136.55,0.0101
1254,1,1681365753900.0,2130.06,0.0514,2136.55,0.006599999999999999
1255,1,1681365754000.0,2130.06,0.0514,2136.54,0.0402
1256,1,1681365754100.0,2130.06,0.0514,2136.53,0.0038
1257,1,1681365754200.0,2130.06,0.0514,2136.53,0.0101
1258,1,1681365754400.0,2130.06,0.0514,2136.52,0.0425
1259,1,1681365754800.0,2130.06,0.0514,2136.52,0.0425
1260,1,1681365754900.0,2130.06,0.0514,2136.52,0.0425
1261,1,1681365755200.0,2130.06,0.0514,2136.51,0.0038
1262,1,1681365755300.0,2130.06,0.0514,2136.51,0.0101
1263,1,1681365755400.0,2130.06,0.0514,2136.5,0.0416
1264,1,1681365755600.0,2130.06,0.0514,2136.5,0.0416
1265,1,1681365755700.0,2130.06,0.0514,2136.49,0.0101
1266,1,1681365755900.0,2130.06,0.0514,2136.66,0.0248
1267,1,1681365756100.0,2130.06,0.0514,2136.65,0.0101
1268,1,1681365756200.0,2130.06,0.0514,2136.64,0.0453
1269,1,1681365756300.0,2130.06,0.0514,2136.63,0.0073
1270,1,1681365756500.0,2130.06,0.0514,2136.62,0.0438
1271,1,1681365756600.0,2130.06,0.0514,2136.61,0.0038
1272,1,1681365756700.0,2130.06,0.0514,2136.61,0.0126
1273,1,1681365756800.0,2130.06,0.0514,2136.6,0.0431
1274,1,1681365756900.0,2130.06,0.0514,2136.6,0.0431
1275,1,1681365757000.0,2130.06,0.0514,2136.58,0.0464
1276,1,1681365757100.0,2130.06,0.0514,2136.58,0.0464
1277,1,1681365757200.0,2130.06,0.0514,2136.57,0.005300000000000001
1278,1,1681365757400.0,2130.06,0.0514,2136.56,0.0332
1279,1,1681365757500.0,2130.06,0.0514,2136.55,0.0038
1280,1,1681365757600.0,2130.06,0.0514,2136.55,0.0101
1281,1,1681365757700.0,2130.06,0.0514,2136.54,0.043
1282,1,1681365757800.0,2130.06,0.0514,2136.53,0.0029
1283,1,1681365757900.0,2130.06,0.0514,2136.53,0.0073
1284,1,1681365758000.0,2130.06,0.0514,2136.53,0.006599999999999999
1285,1,1681365758100.0,2130.06,0.0514,2136.52,0.0365
1286,1,1681365758200.0,2130.06,0.0514,2136.52,0.0365
1287,1,1681365758300.0,2130.06,0.0514,2136.51,0.0038
1288,1,1681365758400.0,2130.06,0.0514,2136.5,0.042
1289,1,1681365758600.0,2130.06,0.0514,2136.49,0.0073
1290,1,1681365758700.0,2130.06,0.0514,2136.49,0.0027999999999999995
1291,1,1681365758800.0,2130.06,0.0514,2136.49,0.0101
1292,1,1681365758900.0,2130.06,0.0514,2136.48,0.0269
1293,1,1681365759000.0,2130.06,0.0514,2136.47,0.0073
1294,1,1681365759200.0,2130.06,0.0514,2136.47,0.0027999999999999995
1295,1,1681365759300.0,2130.06,0.0514,2136.47,0.0101
1296,1,1681365759400.0,2130.06,0.0514,2136.47,0.006599999999999999
1297,1,1681365759500.0,2130.06,0.0514,2136.47,0.006599999999999999
1298,1,1681365759600.0,2130.06,0.0514,2136.47,0.006599999999999999
1299,1,1681365759700.0,2130.06,0.0514,2136.47,0.0101
1300,1,1681365759800.0,2130.06,0.0514,2136.46,0.0412
1301,1,1681365759900.0,2130.06,0.0514,2136.46,0.0412
1302,1,1681365760000.0,2130.06,0.0514,2136.45,0.006599999999999999
1303,1,1681365760100.0,2130.06,0.0514,2136.45,0.010099999999999998
1304,1,1681365760300.0,2130.06,0.0514,2136.44,0.0399
1305,1,1681365760400.0,2130.06,0.0514,2136.43,0.0073
1306,1,1681365760500.0,2130.06,0.0514,2136.42,0.0358
1307,1,1681365760600.0,2130.06,0.0514,2136.42,0.0358
1308,1,1681365760700.0,2130.06,0.0514,2136.41,0.0066
1309,1,1681365760800.0,2130.06,0.0514,2136.4,0.0365
1310,1,1681365760900.0,2130.06,0.0514,2136.4,0.0365
1311,1,1681365761000.0,2130.06,0.0514,2136.39,0.0101
1312,1,1681365761100.0,2130.06,0.0514,2136.38,0.039
1313,1,1681365761200.0,2130.06,0.0514,2136.37,0.0038
1314,1,1681365761400.0,2130.06,0.0514,2136.37,0.0101
1315,1,1681365761500.0,2130.06,0.0514,2136.36,0.0381
1316,1,1681365761600.0,2130.06,0.0514,2136.35,0.0073
1317,1,1681365761700.0,2130.06,0.0514,2136.35,0.0073
1318,1,1681365761800.0,2130.06,0.0514,2136.34,0.0318
1319,1,1681365761900.0,2130.06,0.0514,2136.33,0.0038
1320,1,1681365762000.0,2130.06,0.0514,2136.33,0.0101
1321,1,1681365762100.0,2130.06,0.0514,2136.32,0.0376
1322,1,1681365762200.0,2130.06,0.0514,2136.31,0.0013
1323,1,1681365762300.0,2130.06,0.0514,2136.31,0.0086
1324,1,1681365762400.0,2130.06,0.0514,2136.29,0.0053
1325,1,1681365762600.0,2130.06,0.0514,2136.29,0.0101
1326,1,1681365762700.0,2130.06,0.0514,2136.28,0.0366
1327,1,1681365762800.0,2130.06,0.0514,2136.28,0.0366
1328,1,1681365762900.0,2130.06,0.0514,2136.27,0.0073
1329,1,1681365763000.0,2130.06,0.0514,2136.27,0.0066
1330,1,1681365763100.0,2130.06,0.0514,2136.26,0.0365
1331,1,1681365763200.0,2130.06,0.0514,2136.26,0.0358
1332,1,1681365763300.0,2130.06,0.0514,2136.25,0.0073
1333,1,1681365763400.0,2130.06,0.0514,2136.24,0.0333
1334,1,1681365763600.0,2130.06,0.0514,2136.23,0.0073
1335,1,1681365763700.0,2130.06,0.0514,2136.22,0.042
1336,1,1681365763900.0,2130.06,0.0514,2136.2,0.0558
1337,1,1681365764000.0,2130.06,0.0514,2136.19,0.0038
1338,1,1681365764200.0,2130.06,0.0514,2136.19,0.0101
1339,1,1681365764300.0,2130.06,0.0514,2136.18,0.0124
1340,1,1681365764400.0,2130.06,0.0514,2136.17,0.0073
1341,1,1681365764500.0,2130.06,0.0514,2136.16,0.0311
1342,1,1681365764700.0,2130.06,0.0514,2136.15,0.0073
1343,1,1681365764900.0,2130.06,0.0514,2136.14,0.0305
1344,1,1681365765200.0,2130.06,0.0514,2136.14,0.0305
1345,1,1681365765400.0,2130.06,0.0514,2136.13,0.0011
1346,1,1681365765500.0,2130.06,0.0514,2136.12,0.0314
1347,1,1681365765600.0,2130.06,0.0514,2136.11,0.0051
1348,1,1681365765700.0,2130.06,0.0514,2136.11,0.0051
1349,1,1681365765800.0,2130.06,0.0514,2136.11,0.006600000000000001
1350,1,1681365765900.0,2130.06,0.0514,2136.1,0.0257
1351,1,1681365766000.0,2130.06,0.0514,2136.1,0.0257
1352,1,1681365766100.0,2130.06,0.0514,2136.08,0.0367
1353,1,1681365766200.0,2130.06,0.0514,2136.08,0.0367
1354,1,1681365766300.0,2130.06,0.0514,2136.07,0.0038
1355,1,1681365766400.0,2130.06,0.0514,2136.07,0.0101
1356,1,1681365766500.0,2130.06,0.0514,2136.65,0.0067
1357,1,1681365766600.0,2130.06,0.0514,2136.64,0.0429
1358,1,1681365766700.0,2130.06,0.0514,2136.63,0.0067
1359,1,1681365766900.0,2130.06,0.0514,2136.62,0.0419
1360,1,1681365767000.0,2130.06,0.0514,2136.61,0.006699999999999999
1361,1,1681365767100.0,2130.06,0.0514,2136.61,0.007199999999999999
1362,1,1681365767200.0,2130.06,0.0514,2136.6,0.0423
1363,1,1681365767300.0,2130.06,0.0514,2136.6,0.0423
1364,1,1681365767400.0,2130.06,0.0514,2136.59,0.0044
1365,1,1681365767500.0,2130.06,0.0514,2136.59,0.009499999999999998
1366,1,1681365767600.0,2130.06,0.0514,2136.58,0.0438
1367,1,1681365767700.0,2130.06,0.0514,2136.57,0.006699999999999999
1368,1,1681365767800.0,2130.06,0.0514,2136.57,0.0072
1369,1,1681365768000.0,2130.06,0.0514,2136.56,0.039
1370,1,1681365768200.0,2130.06,0.0514,2136.55,0.0044
1371,1,1681365768300.0,2130.06,0.0514,2136.54,0.0456
1372,1,1681365768400.0,2130.06,0.0514,2136.53,0.0044
1373,1,1681365768600.0,2130.06,0.0514,2136.53,0.009499999999999998
1374,1,1681365768800.0,2130.06,0.0514,2136.53,0.007199999999999999
1375,1,1681365768900.0,2130.06,0.0514,2136.51,0.0028
1376,1,1681365769000.0,2130.06,0.0514,2136.51,0.009499999999999998
1377,1,1681365769200.0,2130.06,0.0514,2136.51,0.009499999999999998
1378,1,1681365769400.0,2130.06,0.0514,2136.51,0.007199999999999998
1379,1,1681365769500.0,2130.06,0.0514,2136.5,0.0351
1380,1,1681365769700.0,2130.06,0.0514,2136.49,0.0044
1381,1,1681365769800.0,2130.06,0.0514,2136.48,0.0364
1382,1,1681365769900.0,2130.06,0.0514,2136.48,0.0364
1383,1,1681365770000.0,2130.06,0.0514,2136.47,0.0072
1384,1,1681365770100.0,2130.06,0.0514,2136.46,0.039
1385,1,1681365770300.0,2130.06,0.0514,2136.45,0.0044
1386,1,1681365770400.0,2130.06,0.0514,2136.44,0.032
1387,1,1681365770600.0,2130.06,0.0514,2136.43,0.0095
1388,1,1681365770700.0,2130.06,0.0514,2136.42,0.0397
1389,1,1681365770900.0,2130.06,0.0514,2136.41,0.0044
1390,1,1681365771100.0,2130.06,0.0514,2136.41,0.009499999999999998
1391,1,1681365771200.0,2130.06,0.0514,2136.4,0.0387
1392,1,1681365771300.0,2130.06,0.0514,2136.4,0.0387
1393,1,1681365771500.0,2130.06,0.0514,2136.39,0.0044
1394,1,1681365771600.0,2130.06,0.0514,2136.39,0.0095
1395,1,1681365771700.0,2130.06,0.0514,2136.38,0.0387
1396,1,1681365771800.0,2130.06,0.0514,2136.37,0.0067
1397,1,1681365771900.0,2130.06,0.0514,2136.37,0.0072
1398,1,1681365772000.0,2130.06,0.0514,2136.36,0.0337
1399,1,1681365772100.0,2130.06,0.0514,2136.36,0.0337
1400,1,1681365772200.0,2130.06,0.0514,2136.35,0.0044
1401,1,1681365772300.0,2130.06,0.0514,2136.34,0.0386
1402,1,1681365772400.0,2130.06,0.0514,2136.34,0.0386
1403,1,1681365772500.0,2130.06,0.0514,2136.33,0.0029
1404,1,1681365772600.0,2130.06,0.0514,2136.33,0.0072
1405,1,1681365772700.0,2130.06,0.0514,2136.33,0.005699999999999999
1406,1,1681365772800.0,2130.06,0.0514,2136.32,0.0284
1407,1,1681365772900.0,2130.06,0.0514,2136.31,0.0029
1408,1,1681365773000.0,2130.06,0.0514,2136.31,0.0072
1409,1,1681365773100.0,2130.06,0.0514,2136.31,0.0072
1410,1,1681365773200.0,2130.06,0.0514,2136.65,0.0029
1411,1,1681365773300.0,2130.06,0.0514,2136.64,0.0392
1412,1,1681365773400.0,2130.06,0.0514,2136.63,0.011
1413,1,1681365773600.0,2130.06,0.0514,2136.62,0.0445
1414,1,1681365773700.0,2130.06,0.0514,2136.61,0.0057
1415,1,1681365773900.0,2130.06,0.0514,2136.6,0.0451
1416,1,1681365774000.0,2130.06,0.0514,2136.59,0.0038
1417,1,1681365774100.0,2130.06,0.0514,2136.59,0.0082
1418,1,1681365774200.0,2130.06,0.0514,2136.58,0.0416
1419,1,1681365774400.0,2130.06,0.0514,2136.56,0.0639
1420,1,1681365774600.0,2130.06,0.0514,2136.56,0.0639
1421,1,1681365774800.0,2130.06,0.0514,2136.55,0.0139
1422,1,1681365774900.0,2130.06,0.0514,2136.54,0.0274
1423,1,1681365775000.0,2130.06,0.0514,2136.53,0.0111
1424,1,1681365775100.0,2130.06,0.0514,2136.52,0.0436
1425,1,1681365775200.0,2130.06,0.0514,2136.52,0.0436
1426,1,1681365775500.0,2130.06,0.0514,2136.52,0.0436
1427,1,1681365775900.0,2130.06,0.0514,2136.51,0.0111
1428,1,1681365776000.0,2130.06,0.0514,2136.51,0.0028000000000000004
1429,1,1681365776100.0,2130.06,0.0514,2136.5,0.0421
1430,1,1681365776200.0,2130.06,0.0514,2136.49,0.0111
1431,1,1681365776300.0,2130.06,0.0514,2136.49,0.0028
1432,1,1681365776400.0,2130.06,0.0514,2136.48,0.0423
1433,1,1681365776500.0,2130.06,0.0514,2136.48,0.0423
1434,1,1681365776600.0,2130.06,0.0514,2136.47,0.0139
1435,1,1681365776700.0,2130.06,0.0514,2136.47,0.0027999999999999987
1436,1,1681365776800.0,2130.06,0.0514,2136.46,0.0437
1437,1,1681365777000.0,2130.06,0.0514,2136.46,0.0437
1438,1,1681365777100.0,2130.06,0.0514,2136.45,0.0139
1439,1,1681365777200.0,2130.06,0.0514,2136.45,0.0014999999999999996
1440,1,1681365777300.0,2130.06,0.0514,2136.66,0.0229
1441,1,1681365777400.0,2130.06,0.0514,2136.65,0.0139
1442,1,1681365777500.0,2130.06,0.0514,2136.64,0.0477
1443,1,1681365777600.0,2130.06,0.0514,2136.64,0.0477
1444,1,1681365777700.0,2130.06,0.0514,2136.63,0.0111
1445,1,1681365777800.0,2130.06,0.0514,2136.63,0.004200000000000001
1446,1,1681365777900.0,2130.06,0.0514,2136.62,0.0435
1447,1,1681365778000.0,2130.06,0.0514,2136.61,0.0027999999999999995
1448,1,1681365778200.0,2130.06,0.0514,2136.61,0.0139
1449,1,1681365778300.0,2130.06,0.0514,2136.6,0.0324
1450,1,1681365778400.0,2130.06,0.0514,2136.59,0.0139
1451,1,1681365778500.0,2130.06,0.0514,2136.58,0.0462
1452,1,1681365778600.0,2130.06,0.0514,2136.57,0.0111
1453,1,1681365778700.0,2130.06,0.0514,2136.57,0.0028000000000000004
1454,1,1681365778900.0,2130.06,0.0514,2136.57,0.013900000000000001
1455,1,1681365779000.0,2130.06,0.0514,2136.57,0.007200000000000001
1456,1,1681365779100.0,2130.06,0.0514,2136.57,0.013900000000000001
1457,1,1681365779200.0,2130.06,0.0514,2136.56,0.0455
1458,1,1681365779300.0,2130.06,0.0514,2136.56,0.0455
1459,1,1681365779400.0,2130.06,0.0514,2136.55,0.0111
1460,1,1681365779500.0,2130.06,0.0514,2136.55,0.0028000000000000004
1461,1,1681365779600.0,2130.06,0.0514,2136.54,0.0266
1462,1,1681365779700.0,2130.06,0.0514,2136.54,0.0266
1463,1,1681365779800.0,2130.06,0.0514,2136.54,0.0266
1464,1,1681365779900.0,2130.06,0.0514,2136.53,0.007199999999999999
1465,1,1681365780000.0,2130.06,0.0514,2136.52,0.0449
1466,1,1681365780100.0,2130.06,0.0514,2136.52,0.0449
1467,1,1681365780200.0,2130.06,0.0514,2136.52,0.0449
1468,1,1681365780300.0,2130.06,0.0514,2136.5,0.0443
1469,1,1681365780400.0,2130.06,0.0514,2136.5,0.0443
1470,1,1681365780500.0,2130.06,0.0514,2136.49,0.0139
1471,1,1681365780600.0,2130.06,0.0514,2136.48,0.0441
1472,1,1681365780700.0,2130.06,0.0514,2136.48,0.0441
1473,1,1681365780800.0,2130.06,0.0514,2136.47,0.0111
1474,1,1681365780900.0,2130.06,0.0514,2136.46,0.0233
1475,1,1681365781000.0,2130.06,0.0514,2136.46,0.0233
1476,1,1681365781100.0,2130.06,0.0514,2136.45,0.0139
1477,1,1681365781300.0,2130.06,0.0514,2136.45,0.0027999999999999987
1478,1,1681365781400.0,2130.06,0.0514,2136.43,0.0111
1479,1,1681365781600.0,2130.06,0.0514,2136.42,0.0492
1480,1,1681365781800.0,2130.06,0.0514,2136.4,0.0585
1481,1,1681365781900.0,2130.06,0.0514,2136.4,0.0585
1482,1,1681365782000.0,2130.06,0.0514,2136.4,0.0585
1483,1,1681365782100.0,2130.06,0.0514,2136.38,0.0081
1484,1,1681365782200.0,2130.06,0.0514,2136.38,0.0081
1485,1,1681365782300.0,2130.06,0.0514,2136.37,0.0111
1486,1,1681365782400.0,2130.06,0.0514,2136.36,0.039
1487,1,1681365782500.0,2130.06,0.0514,2136.35,0.0111
1488,1,1681365782600.0,2130.06,0.0514,2136.34,0.0381
1489,1,1681365782700.0,2130.06,0.0514,2136.33,0.0111
1490,1,1681365782800.0,2130.06,0.0514,2136.33,0.010100000000000001
1491,1,1681365782900.0,2130.06,0.0514,2136.32,0.0379
1492,1,1681365783000.0,2130.06,0.0514,2136.31,0.006600000000000001
1493,1,1681365783100.0,2130.06,0.0514,2136.31,0.002800000000000001
1494,1,1681365783200.0,2130.06,0.0514,2136.31,0.013900000000000001
1495,1,1681365783300.0,2130.06,0.0514,2136.66,0.0343
1496,1,1681365783400.0,2130.06,0.0514,2136.65,0.0095
1497,1,1681365783500.0,2130.06,0.0514,2136.64,0.0474
1498,1,1681365783700.0,2130.06,0.0514,2136.62,0.043
1499,1,1681365783800.0,2130.06,0.0514,2136.62,0.043
1500,1,1681365783900.0,2130.06,0.0514,2136.61,0.0111
1501,1,1681365784000.0,2130.06,0.0514,2136.61,0.0044
1502,1,1681365784100.0,2130.06,0.0514,2136.6,0.0356
1503,1,1681365784200.0,2130.06,0.0514,2136.6,0.0356
1504,1,1681365784300.0,2130.06,0.0514,2136.6,0.0356
1505,1,1681365784400.0,2130.06,0.0514,2136.59,0.0111
1506,1,1681365784500.0,2130.06,0.0514,2136.66,0.0303
1507,1,1681365784700.0,2130.06,0.0514,2136.64,0.0469
1508,1,1681365784800.0,2130.06,0.0514,2136.64,0.0469
1509,1,1681365784900.0,2130.06,0.0514,2136.63,0.0111
1510,1,1681365785000.0,2130.06,0.0514,2136.62,0.0434
1511,1,1681365785100.0,2130.06,0.0514,2136.62,0.0434
1512,1,1681365785200.0,2130.06,0.0514,2136.61,0.0057
1513,1,1681365785300.0,2130.06,0.0514,2136.61,0.0057
1514,1,1681365785400.0,2130.06,0.0514,2136.6,0.0446
1515,1,1681365786000.0,2130.06,0.0514,2136.6,0.0446
1516,1,1681365786100.0,2130.06,0.0514,2136.6,0.0446
1517,1,1681365786200.0,2130.06,0.0514,2136.59,0.0038
1518,1,1681365786300.0,2130.06,0.0514,2136.58,0.0317
1519,1,1681365786400.0,2130.06,0.0514,2136.58,0.0317
1520,1,1681365786500.0,2130.06,0.0514,2136.57,0.0028999999999999994
1521,1,1681365786600.0,2130.06,0.0514,2136.56,0.0366
1522,1,1681365786700.0,2130.06,0.0514,2136.56,0.0366
1523,1,1681365786800.0,2130.06,0.0514,2136.55,0.0029
1524,1,1681365786900.0,2130.06,0.0514,2136.54,0.0354
1525,1,1681365787100.0,2130.06,0.0514,2136.52,0.0411
1526,1,1681365787200.0,2130.06,0.0514,2136.52,0.0411
1527,1,1681365787300.0,2130.06,0.0514,2136.51,0.0073
1528,1,1681365787400.0,2130.06,0.0514,2136.51,0.006599999999999999
1529,1,1681365787500.0,2130.06,0.0514,2136.5,0.037
1530,1,1681365787600.0,2130.06,0.0514,2136.5,0.037
1531,1,1681365787700.0,2130.06,0.0514,2136.49,0.0038
1532,1,1681365787800.0,2130.06,0.0514,2136.48,0.0342
1533,1,1681365787900.0,2130.06,0.0514,2136.47,0.0101
1534,1,1681365788000.0,2130.06,0.0514,2136.47,0.0101
1535,1,1681365788200.0,2130.06,0.0514,2136.47,0.0066
1536,1,1681365788400.0,2130.06,0.0514,2136.46,0.0379
1537,1,1681365788800.0,2130.06,0.0514,2136.46,0.0379
1538,1,1681365788900.0,2130.06,0.0514,2136.45,0.0101
1539,1,1681365789000.0,2130.06,0.0514,2136.45,0.0027999999999999995
1540,1,1681365789100.0,2130.06,0.0514,2136.44,0.0403
1541,1,1681365789200.0,2130.06,0.0514,2136.43,0.0073
1542,1,1681365789500.0,2130.06,0.0514,2136.42,0.0349
1543,1,1681365789600.0,2130.06,0.0514,2136.41,0.0073
1544,1,1681365789800.0,2130.06,0.0514,2136.4,0.0371
1545,1,1681365789900.0,2130.06,0.0514,2136.39,0.0073
1546,1,1681365790000.0,2130.06,0.0514,2136.38,0.0361
1547,1,1681365790100.0,2130.06,0.0514,2136.38,0.0434
1548,1,1681365790200.0,2130.06,0.0514,2136.37,0.0101
1549,1,1681365790400.0,2130.06,0.0514,2136.37,0.006599999999999999
1550,1,1681365790500.0,2130.06,0.0514,2136.37,0.0101
1551,1,1681365790600.0,2130.06,0.0514,2136.37,0.006599999999999999
1552,1,1681365790700.0,2130.06,0.0514,2136.36,0.0611
1553,1,1681365790900.0,2130.06,0.0514,2136.35,0.0038
1554,1,1681365791100.0,2130.06,0.0514,2136.34,0.0314
1555,1,1681365791200.0,2130.06,0.0514,2136.33,0.0038
1556,1,1681365791400.0,2130.06,0.0514,2136.33,0.010100000000000001
1557,1,1681365791500.0,2130.06,0.0514,2136.32,0.0358
1558,1,1681365791600.0,2130.06,0.0514,2136.31,0.0038
1559,1,1681365791700.0,2130.06,0.0514,2136.3,0.0247
1560,1,1681365791800.0,2130.06,0.0514,2136.3,0.0247
1561,1,1681365791900.0,2130.06,0.0514,2136.29,0.0038
1562,1,1681365792000.0,2130.06,0.0514,2136.28,0.0297
1563,1,1681365792100.0,2130.06,0.0514,2136.27,0.0038
1564,1,1681365792300.0,2130.06,0.0514,2136.26,0.0289
1565,1,1681365792400.0,2130.06,0.0514,2136.25,0.0038
1566,1,1681365792500.0,2130.06,0.0514,2136.24,0.0356
1567,1,1681365792600.0,2130.06,0.0514,2136.24,0.0356
1568,1,1681365792700.0,2130.06,0.0514,2136.23,0.006599999999999999
1569,1,1681365792800.0,2130.06,0.0514,2136.23,0.0056999999999999985
1570,1,1681365792900.0,2130.06,0.0514,2136.22,0.0343
1571,1,1681365793000.0,2130.06,0.0514,2136.22,0.0343
1572,1,1681365793100.0,2130.06,0.0514,2136.21,0.0073
1573,1,1681365793200.0,2130.06,0.0514,2136.19,0.0013
1574,1,1681365793400.0,2130.06,0.0514,2136.19,0.0086
1575,1,1681365793500.0,2130.06,0.0514,2136.18,0.0225
1576,1,1681365793600.0,2130.06,0.0514,2136.17,0.0073
1577,1,1681365793700.0,2130.06,0.0514,2136.17,0.0013
1578,1,1681365793800.0,2130.06,0.0514,2136.17,0.0013
1579,1,1681365793900.0,2130.06,0.0514,2136.17,0.0086
1580,1,1681365794000.0,2130.06,0.0514,2136.66,0.0393
1581,1,1681365794100.0,2130.06,0.0514,2136.65,0.0139
1582,1,1681365794200.0,2130.06,0.0514,2136.65,0.0027999999999999987
1583,1,1681365794300.0,2130.06,0.0514,2136.64,0.0384
1584,1,1681365794400.0,2130.06,0.0514,2136.63,0.0111
1585,1,1681365794500.0,2130.06,0.0514,2136.62,0.0453
1586,1,1681365794600.0,2130.06,0.0514,2136.62,0.0453
1587,1,1681365794700.0,2130.06,0.0514,2136.61,0.0028000000000000013
1588,1,1681365794800.0,2130.06,0.0514,2136.6,0.0301
1589,1,1681365794900.0,2130.06,0.0514,2136.6,0.0301
1590,1,1681365795100.0,2130.06,0.0514,2136.58,0.0463
1591,1,1681365795200.0,2130.06,0.0514,2136.58,0.0463
1592,1,1681365795300.0,2130.06,0.0514,2136.57,0.0111
1593,1,1681365795400.0,2130.06,0.0514,2136.56,0.0111
1594,1,1681365795500.0,2130.06,0.0514,2136.55,0.0411
1595,1,1681365795600.0,2130.06,0.0514,2136.54,0.006699999999999999
1596,1,1681365795700.0,2130.06,0.0514,2136.54,0.0027999999999999987
1597,1,1681365795800.0,2130.06,0.0514,2136.53,0.0432
1598,1,1681365796500.0,2130.06,0.0514,2136.53,0.0432
1599,1,1681365796700.0,2130.06,0.0514,2136.51,0.027
1600,1,1681365796800.0,2130.06,0.0514,2136.5,0.0111
1601,1,1681365796900.0,2130.06,0.0514,2136.49,0.0423
1602,1,1681365797000.0,2130.06,0.0514,2136.48,0.0028
1603,1,1681365797100.0,2130.06,0.0514,2136.48,0.0066
1604,1,1681365797200.0,2130.06,0.0514,2136.47,0.0437
1605,1,1681365797400.0,2130.06,0.0514,2136.46,0.0111
1606,1,1681365797600.0,2130.06,0.0514,2136.46,0.006599999999999999
1607,1,1681365797800.0,2130.06,0.0514,2136.45,0.0431
1608,1,1681365797900.0,2130.06,0.0514,2136.44,0.0073
1609,1,1681365798100.0,2130.06,0.0514,2136.43,0.0327
1610,1,1681365798200.0,2130.06,0.0514,2136.42,0.0044
1611,1,1681365798300.0,2130.06,0.0514,2136.42,0.0073
1612,1,1681365798400.0,2130.06,0.0514,2136.42,0.006599999999999999
1613,1,1681365798600.0,2130.06,0.0514,2136.41,0.0038
1614,1,1681365798700.0,2130.06,0.0514,2136.41,0.0434
1615,1,1681365798800.0,2130.06,0.0514,2136.41,0.0396
1616,1,1681365798900.0,2130.06,0.0514,2136.4,0.0038
1617,1,1681365799000.0,2130.06,0.0514,2136.39,0.0263
1618,1,1681365799100.0,2130.06,0.0514,2136.38,0.0038
1619,1,1681365799200.0,2130.06,0.0514,2136.38,0.0038
1620,1,1681365799300.0,2130.06,0.0514,2136.38,0.010100000000000001
1621,1,1681365799400.0,2130.06,0.0514,2136.37,0.0387
1622,1,1681365799500.0,2130.06,0.0514,2136.37,0.0387
1623,1,1681365799600.0,2130.06,0.0514,2136.36,0.0066
1624,1,1681365799700.0,2130.06,0.0514,2136.35,0.0316
1625,1,1681365799800.0,2130.06,0.0514,2136.34,0.0038
1626,1,1681365799900.0,2130.06,0.0514,2136.34,0.0038
1627,1,1681365800000.0,2130.06,0.0514,2136.32,0.0038
1628,1,1681365800100.0,2130.06,0.0514,2136.32,0.005700000000000001
1629,1,1681365800300.0,2130.06,0.0514,2136.31,0.0341
1630,1,1681365800400.0,2130.06,0.0514,2136.3,0.0029
1631,1,1681365800500.0,2130.06,0.0514,2136.3,0.0029
1632,1,1681365800600.0,2130.06,0.0514,2136.29,0.0341
1633,1,1681365800700.0,2130.06,0.0514,2136.28,0.0044
1634,1,1681365800800.0,2130.06,0.0514,2136.27,0.0263
1635,1,1681365800900.0,2130.06,0.0514,2136.27,0.0263
1636,1,1681365801000.0,2130.06,0.0514,2136.26,0.0044
1637,1,1681365801200.0,2130.06,0.0514,2136.26,0.0072000000000000015
1638,1,1681365801300.0,2130.06,0.0514,2136.25,0.0331
1639,1,1681365801400.0,2130.06,0.0514,2136.24,0.0029
1640,1,1681365801500.0,2130.06,0.0514,2136.24,0.0066
1641,1,1681365801600.0,2130.06,0.0514,2136.23,0.0308
1642,1,1681365801700.0,2130.06,0.0514,2136.22,0.0038
1643,1,1681365801900.0,2130.06,0.0514,2136.21,0.0298
1644,1,1681365802000.0,2130.06,0.0514,2136.2,0.0029
1645,1,1681365802100.0,2130.06,0.0514,2136.2,0.0066
1646,1,1681365802200.0,2130.06,0.0514,2136.2,0.0013
1647,1,1681365802300.0,2130.06,0.0514,2136.64,0.0391
1648,1,1681365802400.0,2130.06,0.0514,2136.64,0.0391
1649,1,1681365802500.0,2130.06,0.0514,2136.63,0.0073
1650,1,1681365802600.0,2130.06,0.0514,2136.62,0.043
1651,1,1681365802700.0,2130.06,0.0514,2136.62,0.0503
1652,1,1681365802800.0,2130.06,0.0514,2136.61,0.0095
1653,1,1681365802900.0,2130.06,0.0514,2136.6,0.0445
1654,1,1681365803000.0,2130.06,0.0514,2136.59,0.0073
1655,1,1681365803200.0,2130.06,0.0514,2136.58,0.0395
1656,1,1681365803400.0,2130.06,0.0514,2136.57,0.0073
1657,1,1681365803500.0,2130.06,0.0514,2136.57,0.006599999999999999
1658,1,1681365803600.0,2130.06,0.0514,2136.56,0.0409
1659,1,1681365803700.0,2130.06,0.0514,2136.55,0.0038
1660,1,1681365803900.0,2130.06,0.0514,2136.54,0.0342
1661,1,1681365804000.0,2130.06,0.0514,2136.53,0.0073
1662,1,1681365804100.0,2130.06,0.0514,2136.53,0.0066
1663,1,1681365804200.0,2130.06,0.0514,2136.53,0.0101
1664,1,1681365804300.0,2130.06,0.0514,2136.52,0.0427
1665,1,1681365804400.0,2130.06,0.0514,2136.51,0.0038
1666,1,1681365804500.0,2130.06,0.0514,2136.51,0.0101
1667,1,1681365804600.0,2130.06,0.0514,2136.49,0.0038
1668,1,1681365804800.0,2130.06,0.0514,2136.48,0.0396
1669,1,1681365804900.0,2130.06,0.0514,2136.48,0.0396
1670,1,1681365805000.0,2130.06,0.0514,2136.47,0.0073
1671,1,1681365805100.0,2130.06,0.0514,2136.46,0.039
1672,1,1681365805200.0,2130.06,0.0514,2136.46,0.039
1673,1,1681365805700.0,2130.06,0.0514,2136.45,0.0073
1674,1,1681365805900.0,2130.06,0.0514,2136.44,0.0382
1675,1,1681365806100.0,2130.06,0.0514,2136.43,0.0066
1676,1,1681365806200.0,2130.06,0.0514,2136.43,0.0101
1677,1,1681365806300.0,2130.06,0.0514,2136.42,0.0403
1678,1,1681365806400.0,2130.06,0.0514,2136.41,0.0038
1679,1,1681365806600.0,2130.06,0.0514,2136.4,0.0304
1680,1,1681365807200.0,2130.06,0.0514,2136.4,0.0304
1681,1,1681365807300.0,2130.06,0.0514,2136.66,0.0337
1682,1,1681365807400.0,2130.06,0.0514,2136.39,0.0015
1683,1,1681365807500.0,2130.06,0.0514,2136.65,0.0124
1684,1,1681365807600.0,2130.06,0.0514,2136.65,0.001299999999999999
1685,1,1681365807700.0,2130.06,0.0514,2136.65,0.0124
1686,1,1681365807800.0,2130.06,0.0514,2136.64,0.0471
1687,1,1681365807900.0,2130.06,0.0514,2136.64,0.0471
1688,1,1681365808000.0,2130.06,0.0514,2136.63,0.0013000000000000008
1689,1,1681365808100.0,2130.06,0.0514,2136.62,0.0263
1690,1,1681365808300.0,2130.06,0.0514,2136.62,0.0263
1691,1,1681365808400.0,2130.06,0.0514,2136.61,0.0124
1692,1,1681365808500.0,2130.06,0.0514,2136.61,0.001299999999999999
1693,1,1681365808600.0,2130.06,0.0514,2136.59,0.0059
1694,1,1681365808700.0,2130.06,0.0514,2136.59,0.0027999999999999995
1695,1,1681365808800.0,2130.06,0.0514,2136.58,0.0289
1696,1,1681365808900.0,2130.06,0.0514,2136.58,0.0289
1697,1,1681365809000.0,2130.06,0.0514,2136.58,0.0289
1698,1,1681365809100.0,2130.06,0.0514,2136.57,0.0072
1699,1,1681365809200.0,2130.06,0.0514,2136.66,0.0334
1700,1,1681365809400.0,2130.06,0.0514,2136.65,0.0072
1701,1,1681365809500.0,2130.06,0.0514,2136.64,0.0434
1702,1,1681365809600.0,2130.06,0.0514,2136.63,0.0044
1703,1,1681365809700.0,2130.06,0.0514,2136.63,0.0044
1704,1,1681365809800.0,2130.06,0.0514,2136.62,0.0381
1705,1,1681365809900.0,2130.06,0.0514,2136.61,0.0044
1706,1,1681365810000.0,2130.06,0.0514,2136.6,0.0401
1707,1,1681365810100.0,2130.06,0.0514,2136.59,0.0044
1708,1,1681365810200.0,2130.06,0.0514,2136.59,0.0044
1709,1,1681365810300.0,2130.06,0.0514,2136.58,0.0388
1710,1,1681365810400.0,2130.06,0.0514,2136.57,0.0044
1711,1,1681365810500.0,2130.06,0.0514,2136.57,0.009499999999999998
1712,1,1681365810600.0,2130.06,0.0514,2136.57,0.0072
1713,1,1681365810700.0,2130.06,0.0514,2136.56,0.0435
1714,1,1681365810800.0,2130.06,0.0514,2136.56,0.0435
1715,1,1681365810900.0,2130.06,0.0514,2136.55,0.009499999999999998
1716,1,1681365811000.0,2130.06,0.0514,2136.55,0.007199999999999998
1717,1,1681365811100.0,2130.06,0.0514,2136.54,0.0425
1718,1,1681365811300.0,2130.06,0.0514,2136.53,0.0044
1719,1,1681365811400.0,2130.06,0.0514,2136.52,0.0332
1720,1,1681365811600.0,2130.06,0.0514,2136.52,0.0332
1721,1,1681365811700.0,2130.06,0.0514,2136.52,0.0332
1722,1,1681365811800.0,2130.06,0.0514,2136.51,0.0095
1723,1,1681365811900.0,2130.06,0.0514,2136.66,0.0335
1724,1,1681365812000.0,2130.06,0.0514,2136.65,0.0095
1725,1,1681365812100.0,2130.06,0.0514,2136.64,0.0452
1726,1,1681365812200.0,2130.06,0.0514,2136.64,0.0452
1727,1,1681365812300.0,2130.06,0.0514,2136.63,0.0095
1728,1,1681365812400.0,2130.06,0.0514,2136.63,0.0027999999999999995
1729,1,1681365812600.0,2130.06,0.0514,2136.64,0.0443
1730,1,1681365812700.0,2130.06,0.0514,2136.63,0.0028
1731,1,1681365812800.0,2130.06,0.0514,2136.63,0.011000000000000001
1732,1,1681365812900.0,2130.06,0.0514,2136.63,0.0028000000000000004
1733,1,1681365813000.0,2130.06,0.0514,2136.61,0.0082
1734,1,1681365813200.0,2130.06,0.0514,2136.61,0.0028000000000000004
1735,1,1681365813300.0,2130.06,0.0514,2136.6,0.0306
1736,1,1681365813400.0,2130.06,0.0514,2136.6,0.0306
1737,1,1681365813600.0,2130.06,0.0514,2136.58,0.0466
1738,1,1681365813700.0,2130.06,0.0514,2136.57,0.0111
1739,1,1681365813800.0,2130.06,0.0514,2136.57,0.0028000000000000013
1740,1,1681365813900.0,2130.06,0.0514,2136.56,0.0272
1741,1,1681365814000.0,2130.06,0.0514,2136.56,0.0272
1742,1,1681365814100.0,2130.06,0.0514,2136.55,0.0067
1743,1,1681365814200.0,2130.06,0.0514,2136.55,0.0027999999999999987
1744,1,1681365814300.0,2130.06,0.0514,2136.54,0.0363
1745,1,1681365814400.0,2130.06,0.0514,2136.53,0.0111
1746,1,1681365814600.0,2130.06,0.0514,2136.52,0.0433
1747,1,1681365814700.0,2130.06,0.0514,2136.51,0.006600000000000001
1748,1,1681365814800.0,2130.06,0.0514,2136.51,0.002800000000000001
1749,1,1681365814900.0,2130.06,0.0514,2136.5,0.0448
1750,1,1681365815000.0,2130.06,0.0514,2136.5,0.0448
1751,1,1681365815100.0,2130.06,0.0514,2136.5,0.0448
1752,1,1681365815200.0,2130.06,0.0514,2136.49,0.0139
1753,1,1681365815300.0,2130.06,0.0514,2136.48,0.0239
1754,1,1681365815400.0,2130.06,0.0514,2136.47,0.0111
1755,1,1681365815500.0,2130.06,0.0514,2136.47,0.0044
1756,1,1681365815600.0,2130.06,0.0514,2136.45,0.0111
1757,1,1681365815800.0,2130.06,0.0514,2136.44,0.0271
1758,1,1681365815900.0,2130.06,0.0514,2136.44,0.0382
1759,1,1681365816000.0,2130.06,0.0514,2136.44,0.0271
1760,1,1681365816100.0,2130.06,0.0514,2136.66,0.0329
1761,1,1681365816200.0,2130.06,0.0514,2136.65,0.0111
1762,1,1681365816300.0,2130.06,0.0514,2136.66,0.0329
1763,1,1681365816400.0,2130.06,0.0514,2136.65,0.0111
1764,1,1681365816500.0,2130.06,0.0514,2136.65,0.0028000000000000004
1765,1,1681365816600.0,2130.06,0.0514,2136.64,0.0457
1766,1,1681365816700.0,2130.06,0.0514,2136.63,0.0111
1767,1,1681365816800.0,2130.06,0.0514,2136.62,0.045
1768,1,1681365816900.0,2130.06,0.0514,2136.61,0.0111
1769,1,1681365817000.0,2130.06,0.0514,2136.61,0.0028000000000000004
1770,1,1681365817100.0,2130.06,0.0514,2136.61,0.0028000000000000004
1771,1,1681365817500.0,2130.06,0.0514,2136.6,0.0304
1772,1,1681365817800.0,2130.06,0.0514,2136.6,0.0304
1773,1,1681365817900.0,2130.06,0.0514,2136.59,0.0028
1774,1,1681365818000.0,2130.06,0.0514,2136.59,0.013900000000000001
1775,1,1681365818100.0,2130.06,0.0514,2136.58,0.0462
1776,1,1681365818200.0,2130.06,0.0514,2136.57,0.0111
1777,1,1681365818400.0,2130.06,0.0514,2136.56,0.0418
1778,1,1681365818600.0,2130.06,0.0514,2136.55,0.0111
1779,1,1681365818700.0,2130.06,0.0514,2136.55,0.0028000000000000004
1780,1,1681365818800.0,2130.06,0.0514,2136.54,0.0301
1781,1,1681365818900.0,2130.06,0.0514,2136.53,0.0073
1782,1,1681365819000.0,2130.06,0.0514,2136.53,0.0027999999999999995
1783,1,1681365819100.0,2130.06,0.0514,2136.52,0.0354
1784,1,1681365819200.0,2130.06,0.0514,2136.51,0.0073
1785,1,1681365819400.0,2130.06,0.0514,2136.5,0.0398
1786,1,1681365819600.0,2130.06,0.0514,2136.49,0.0073
1787,1,1681365819700.0,2130.06,0.0514,2136.48,0.0385
1788,1,1681365819800.0,2130.06,0.0514,2136.47,0.0067
1789,1,1681365820000.0,2130.06,0.0514,2136.47,0.0027999999999999995
1790,1,1681365820100.0,2130.06,0.0514,2136.45,0.0067
1791,1,1681365820300.0,2130.06,0.0514,2136.45,0.0028
1792,1,1681365820400.0,2130.06,0.0514,2136.43,0.0067
1793,1,1681365820500.0,2130.06,0.0514,2136.43,0.0027999999999999995
1794,1,1681365820600.0,2130.06,0.0514,2136.42,0.0279
1795,1,1681365820700.0,2130.06,0.0514,2136.42,0.0279
1796,1,1681365820800.0,2130.06,0.0514,2136.41,0.0095
1797,1,1681365821000.0,2130.06,0.0514,2136.65,0.0044
1798,1,1681365821100.0,2130.06,0.0514,2136.64,0.0406
1799,1,1681365821200.0,2130.06,0.0514,2136.63,0.0044
1800,1,1681365821300.0,2130.06,0.0514,2136.62,0.0398
1801,1,1681365821400.0,2130.06,0.0514,2136.61,0.0044
1802,1,1681365821500.0,2130.06,0.0514,2136.6,0.0396
1803,1,1681365821600.0,2130.06,0.0514,2136.59,0.0044
1804,1,1681365821700.0,2130.06,0.0514,2136.59,0.0139
1805,1,1681365821800.0,2130.06,0.0514,2136.58,0.0387
1806,1,1681365821900.0,2130.06,0.0514,2136.57,0.0044
1807,1,1681365822000.0,2130.06,0.0514,2136.56,0.0388
1808,1,1681365822100.0,2130.06,0.0514,2136.56,0.0388
1809,1,1681365822200.0,2130.06,0.0514,2136.55,0.009499999999999998
1810,1,1681365822400.0,2130.06,0.0514,2136.54,0.0427
1811,1,1681365822500.0,2130.06,0.0514,2136.53,0.0044
1812,1,1681365822700.0,2130.06,0.0514,2136.53,0.009499999999999998
1813,1,1681365822800.0,2130.06,0.0514,2136.52,0.0419
1814,1,1681365823000.0,2130.06,0.0514,2136.51,0.0044
1815,1,1681365823100.0,2130.06,0.0514,2136.5,0.032
1816,1,1681365823600.0,2130.06,0.0514,2136.49,0.0044
1817,1,1681365823700.0,2130.06,0.0514,2136.49,0.009500000000000001
1818,1,1681365823800.0,2130.06,0.0514,2136.48,0.0412
1819,1,1681365823900.0,2130.06,0.0514,2136.47,0.0067
1820,1,1681365824000.0,2130.06,0.0514,2136.47,0.0072
1821,1,1681365824100.0,2130.06,0.0514,2136.46,0.0365
1822,1,1681365824200.0,2130.06,0.0514,2136.45,0.0044
1823,1,1681365824400.0,2130.06,0.0514,2136.44,0.0346
1824,1,1681365824600.0,2130.06,0.0514,2136.42,0.0349
1825,1,1681365824700.0,2130.06,0.0514,2136.41,0.0044
1826,1,1681365824800.0,2130.06,0.0514,2136.41,0.005100000000000001
1827,1,1681365824900.0,2130.06,0.0514,2136.39,0.0044
1828,1,1681365825100.0,2130.06,0.0514,2136.39,0.005100000000000001
1829,1,1681365825300.0,2130.06,0.0514,2136.38,0.0345
1830,1,1681365825400.0,2130.06,0.0514,2136.37,0.0038
1831,1,1681365825500.0,2130.06,0.0514,2136.37,0.0057
1832,1,1681365825600.0,2130.06,0.0514,2136.36,0.0346
1833,1,1681365825700.0,2130.06,0.0514,2136.35,0.0044
1834,1,1681365825900.0,2130.06,0.0514,2136.34,0.0351
1835,1,1681365826000.0,2130.06,0.0514,2136.33,0.0038
1836,1,1681365826200.0,2130.06,0.0514,2136.33,0.006599999999999999
1837,1,1681365826300.0,2130.06,0.0514,2136.32,0.0353
1838,1,1681365826400.0,2130.06,0.0514,2136.31,0.0073
1839,1,1681365826500.0,2130.06,0.0514,2136.31,0.0101
1840,1,1681365826600.0,2130.06,0.0514,2136.31,0.0066
