,date,timestamp,bid_0_px,bid_0_qty,ask_0_px,ask_0_qty
0,1,1681369200600.0,2130.06,0.0537,2145.03,0.10600000000000001
1,1,1681369200700.0,2130.06,0.0537,2145.03,0.10600000000000001
2,1,1681369201500.0,2130.06,0.0537,2145.02,0.0057
3,1,1681369201600.0,2130.06,0.0537,2145.02,0.0072
4,1,1681369204000.0,2130.06,0.0537,2145.02,0.019700000000000002
5,1,1681369204300.0,2130.06,0.0537,2145.01,0.0776
6,1,1681369205000.0,2130.06,0.0537,2145.01,0.0776
7,1,1681369205200.0,2130.06,0.0537,2145.0,0.0067
8,1,1681369205400.0,2130.06,0.0537,2144.99,0.0776
9,1,1681369205500.0,2130.06,0.0537,2144.98,0.0072
10,1,1681369205600.0,2130.06,0.0537,2144.98,0.0139
11,1,1681369205700.0,2130.06,0.0537,2144.97,0.0776
12,1,1681369205800.0,2130.06,0.0537,2144.96,0.006699999999999999
13,1,1681369205900.0,2130.06,0.0537,2144.95,0.0776
14,1,1681369206000.0,2130.06,0.0537,2144.94,0.0067
15,1,1681369206100.0,2130.06,0.0537,2144.94,0.0072
16,1,1681369206200.0,2130.06,0.0537,2144.94,0.0139
17,1,1681369206300.0,2130.06,0.0537,2144.93,0.0776
18,1,1681369206400.0,2130.06,0.0537,2144.92,0.009499999999999998
19,1,1681369206500.0,2130.06,0.0537,2144.91,0.0776
20,1,1681369206600.0,2130.06,0.0537,2144.91,0.0776
21,1,1681369206700.0,2130.06,0.0537,2144.9,0.0072
22,1,1681369206900.0,2130.06,0.0537,2144.89,0.0776
23,1,1681369207000.0,2130.06,0.0537,2144.89,0.0776
24,1,1681369207100.0,2130.06,0.0537,2144.88,0.0072
25,1,1681369207200.0,2130.06,0.0537,2144.87,0.0776
26,1,1681369207300.0,2130.06,0.0537,2144.87,0.0776
27,1,1681369207400.0,2130.06,0.0537,2144.86,0.0044
28,1,1681369207500.0,2130.06,0.0537,2144.86,0.0057
29,1,1681369207600.0,2130.06,0.0537,2144.85,0.0776
30,1,1681369207700.0,2130.06,0.0537,2144.85,0.0776
31,1,1681369207800.0,2130.06,0.0537,2144.84,0.0029
32,1,1681369207900.0,2130.06,0.0537,2145.01,0.0029
33,1,1681369208000.0,2130.06,0.0537,2145.01,0.011
34,1,1681369208100.0,2130.06,0.0537,2145.01,0.0101
35,1,1681369208200.0,2130.06,0.0537,2145.01,0.011
36,1,1681369208300.0,2130.06,0.0537,2145.0,0.0776
37,1,1681369208400.0,2130.06,0.0537,2144.99,0.0038
38,1,1681369208500.0,2130.06,0.0537,2144.99,0.005700000000000001
39,1,1681369208700.0,2130.06,0.0388,2144.98,0.0776
40,1,1681369208800.0,2130.06,0.0388,2144.98,0.0776
41,1,1681369208900.0,2130.06,0.0388,2144.97,0.011
42,1,1681369209000.0,2130.06,0.0388,2144.97,0.011
43,1,1681369209100.0,2130.06,0.0388,2144.95,0.0029
44,1,1681369209200.0,2130.06,0.0388,2144.95,0.0029
45,1,1681369209300.0,2130.06,0.0388,2144.94,0.0776
46,1,1681369209400.0,2130.06,0.0388,2144.93,0.0029
47,1,1681369209600.0,2130.06,0.0388,2144.93,0.009499999999999998
48,1,1681369209700.0,2130.06,0.0388,2144.92,0.0776
49,1,1681369209800.0,2130.06,0.0388,2144.92,0.0776
50,1,1681369209900.0,2130.06,0.0388,2144.92,0.0776
51,1,1681369210200.0,2130.06,0.0388,2144.92,0.0776
52,1,1681369210500.0,2130.06,0.0388,2144.92,0.0776
53,1,1681369210600.0,2130.06,0.0388,2144.91,0.0029
54,1,1681369210700.0,2130.06,0.0388,2144.9,0.0776
55,1,1681369210800.0,2130.06,0.0388,2144.89,0.0044
56,1,1681369210900.0,2130.06,0.0388,2144.89,0.0066
57,1,1681369211000.0,2130.06,0.0388,2144.88,0.0776
58,1,1681369211100.0,2130.06,0.0388,2144.87,0.0067
59,1,1681369211200.0,2130.06,0.0388,2144.86,0.0776
60,1,1681369211300.0,2130.06,0.0388,2144.86,0.0776
61,1,1681369211400.0,2130.06,0.0388,2144.85,0.0072
62,1,1681369211500.0,2130.06,0.0388,2144.84,0.0776
63,1,1681369211600.0,2130.06,0.0388,2144.83,0.0044
64,1,1681369211700.0,2130.06,0.0388,2140.95,0.0103
65,1,1681369211800.0,2130.06,0.0388,2140.94,0.0762
66,1,1681369211900.0,2130.06,0.0388,2140.93,0.0095
67,1,1681369212000.0,2130.06,0.0388,2140.92,0.0776
68,1,1681369212100.0,2130.06,0.0388,2140.91,0.006699999999999999
69,1,1681369212200.0,2130.06,0.0388,2140.91,0.007199999999999999
70,1,1681369212300.0,2130.06,0.0388,2140.9,0.0776
71,1,1681369212400.0,2130.06,0.0388,2140.9,0.0776
72,1,1681369212500.0,2130.06,0.0388,2140.89,0.0139
73,1,1681369212600.0,2130.06,0.0388,2140.89,0.007199999999999999
74,1,1681369212700.0,2130.06,0.0388,2140.87,0.0067
75,1,1681369212800.0,2130.06,0.0388,2140.87,0.0067
76,1,1681369212900.0,2130.06,0.0388,2140.87,0.0101
77,1,1681369213000.0,2130.06,0.0388,2140.86,0.0741
78,1,1681369213100.0,2130.06,0.0388,2140.86,0.0741
79,1,1681369213200.0,2130.06,0.0388,2140.85,0.009500000000000001
80,1,1681369213300.0,2130.06,0.0388,2140.84,0.0725
81,1,1681369213400.0,2130.06,0.0388,2140.83,0.0044
82,1,1681369213500.0,2130.06,0.0388,2140.83,0.009499999999999998
83,1,1681369213600.0,2130.06,0.0388,2140.82,0.0728
84,1,1681369213700.0,2130.06,0.0388,2140.81,0.0067
85,1,1681369213800.0,2130.06,0.0388,2140.8,0.067
86,1,1681369213900.0,2130.06,0.0388,2140.79,0.0067
87,1,1681369214000.0,2130.06,0.0388,2140.79,0.010100000000000001
88,1,1681369214100.0,2130.06,0.0388,2140.78,0.0699
89,1,1681369214200.0,2130.06,0.0388,2140.77,0.0044
90,1,1681369214400.0,2130.06,0.0388,2140.76,0.0613
91,1,1681369214500.0,2130.06,0.0388,2140.75,0.0044
92,1,1681369214600.0,2130.06,0.0388,2140.74,0.065
93,1,1681369214700.0,2130.06,0.0388,2140.73,0.0044
94,1,1681369214800.0,2130.06,0.0388,2140.73,0.0066
95,1,1681369214900.0,2130.06,0.0388,2140.72,0.064
96,1,1681369215000.0,2130.06,0.0388,2140.71,0.0038
97,1,1681369215100.0,2130.06,0.0388,2140.71,0.0072
98,1,1681369215200.0,2130.06,0.0388,2140.71,0.006599999999999999
99,1,1681369215300.0,2130.06,0.0388,2140.7,0.0679
100,1,1681369215400.0,2130.06,0.0388,2140.7,0.0679
101,1,1681369215500.0,2130.06,0.0388,2140.69,0.0038
102,1,1681369215600.0,2130.06,0.0388,2140.68,0.0657
103,1,1681369215700.0,2130.06,0.0388,2140.67,0.0038
104,1,1681369215800.0,2130.06,0.0388,2140.67,0.0057
105,1,1681369215900.0,2130.06,0.0388,2140.66,0.0648
106,1,1681369216000.0,2130.06,0.0388,2140.65,0.0029
107,1,1681369216100.0,2130.06,0.0388,2140.64,0.0534
108,1,1681369216200.0,2130.06,0.0388,2140.64,0.0534
109,1,1681369216300.0,2130.06,0.0388,2140.63,0.0029
110,1,1681369216400.0,2130.06,0.0388,2140.63,0.0057
111,1,1681369216500.0,2130.06,0.0388,2140.62,0.0641
112,1,1681369216600.0,2130.06,0.0388,2140.61,0.0029
113,1,1681369216800.0,2130.06,0.0388,2140.61,0.008799999999999999
114,1,1681369216900.0,2130.06,0.0388,2140.6,0.0647
115,1,1681369217000.0,2130.06,0.0388,2140.59,0.0066
116,1,1681369217100.0,2130.06,0.0388,2140.59,0.0101
117,1,1681369217200.0,2130.06,0.0388,2140.58,0.0676
118,1,1681369217300.0,2130.06,0.0388,2140.58,0.0676
119,1,1681369217400.0,2130.06,0.0388,2140.57,0.0073
120,1,1681369217500.0,2130.06,0.0388,2140.56,0.0672
121,1,1681369217600.0,2130.06,0.0388,2140.56,0.0628
122,1,1681369217700.0,2130.06,0.0388,2140.55,0.0101
123,1,1681369217800.0,2130.06,0.0388,2140.55,0.009499999999999998
124,1,1681369217900.0,2130.06,0.0388,2140.55,0.0101
125,1,1681369218000.0,2130.06,0.0388,2140.53,0.0038
126,1,1681369218100.0,2130.06,0.0388,2140.53,0.0038
127,1,1681369218200.0,2130.06,0.0388,2140.53,0.010100000000000001
128,1,1681369218300.0,2130.06,0.0388,2140.52,0.0574
129,1,1681369218400.0,2130.06,0.0388,2140.52,0.0574
130,1,1681369218500.0,2130.06,0.0388,2140.5,0.0568
131,1,1681369218600.0,2130.06,0.0388,2140.49,0.0038
132,1,1681369218700.0,2130.06,0.0388,2140.48,0.0563
133,1,1681369218800.0,2130.06,0.0388,2140.47,0.0038
134,1,1681369218900.0,2130.06,0.0388,2140.47,0.0101
135,1,1681369219000.0,2130.06,0.0388,2140.46,0.0557
136,1,1681369219100.0,2130.06,0.0388,2140.46,0.0557
137,1,1681369219200.0,2130.06,0.0388,2140.46,0.0557
138,1,1681369219300.0,2130.06,0.0388,2140.46,0.0557
139,1,1681369219900.0,2130.06,0.0388,2140.45,0.0073
140,1,1681369220000.0,2130.06,0.0388,2140.44,0.0658
141,1,1681369220100.0,2130.06,0.0388,2140.43,0.0029
142,1,1681369220200.0,2130.06,0.0388,2140.43,0.0072
143,1,1681369220300.0,2130.06,0.0388,2140.42,0.056
144,1,1681369220400.0,2130.06,0.0388,2140.42,0.056
145,1,1681369220500.0,2130.06,0.0388,2140.41,0.005700000000000001
146,1,1681369220600.0,2130.06,0.0388,2140.4,0.0583
147,1,1681369220700.0,2130.06,0.0388,2140.39,0.0029
148,1,1681369220800.0,2130.06,0.0388,2140.39,0.0072
149,1,1681369220900.0,2130.06,0.0388,2140.39,0.0072
150,1,1681369221000.0,2130.06,0.0388,2140.93,0.0044
151,1,1681369221100.0,2130.06,0.0388,2140.92,0.0698
152,1,1681369221200.0,2130.06,0.0388,2140.91,0.0044
153,1,1681369221400.0,2130.06,0.0388,2140.89,0.0095
154,1,1681369221600.0,2130.06,0.0388,2140.89,0.011
155,1,1681369221700.0,2130.06,0.0388,2140.88,0.0751
156,1,1681369221800.0,2130.06,0.0388,2140.88,0.0751
157,1,1681369221900.0,2130.06,0.0388,2140.87,0.011
158,1,1681369222000.0,2130.06,0.0388,2140.86,0.0722
159,1,1681369222100.0,2130.06,0.0388,2140.85,0.0029
160,1,1681369222200.0,2130.06,0.0388,2140.84,0.0574
161,1,1681369222300.0,2130.06,0.0388,2140.83,0.0029
162,1,1681369222400.0,2130.06,0.0388,2140.83,0.011
163,1,1681369222500.0,2130.06,0.0388,2140.82,0.0738
164,1,1681369222600.0,2130.06,0.0388,2140.82,0.0738
165,1,1681369222700.0,2130.06,0.0388,2140.81,0.0082
166,1,1681369222900.0,2130.06,0.0388,2140.8,0.064
167,1,1681369223100.0,2130.06,0.0388,2140.79,0.0029
168,1,1681369223200.0,2130.06,0.0388,2140.79,0.0066
169,1,1681369223300.0,2130.06,0.0388,2140.78,0.0693
170,1,1681369223500.0,2130.06,0.0388,2140.77,0.0029
171,1,1681369223600.0,2130.06,0.0388,2140.77,0.0066
172,1,1681369223700.0,2130.06,0.0388,2140.76,0.0684
173,1,1681369223900.0,2130.06,0.0388,2140.75,0.0082
174,1,1681369224000.0,2130.06,0.0388,2140.74,0.0699
175,1,1681369224100.0,2130.06,0.0388,2140.73,0.0082
176,1,1681369224300.0,2130.06,0.0388,2140.72,0.0638
177,1,1681369224500.0,2130.06,0.0388,2140.71,0.0029
178,1,1681369224600.0,2130.06,0.0388,2140.7,0.058
179,1,1681369224700.0,2130.06,0.0388,2140.69,0.0029
180,1,1681369224800.0,2130.06,0.0388,2140.69,0.0029
181,1,1681369224900.0,2130.06,0.0388,2140.69,0.0056999999999999985
182,1,1681369225000.0,2130.06,0.0388,2140.69,0.007199999999999998
183,1,1681369225100.0,2130.06,0.0388,2140.69,0.005699999999999998
184,1,1681369225200.0,2130.06,0.0388,2140.68,0.0623
185,1,1681369225300.0,2130.06,0.0388,2140.68,0.0623
186,1,1681369225400.0,2130.06,0.0388,2140.66,0.0504
187,1,1681369225500.0,2130.06,0.0388,2140.65,0.0029
188,1,1681369225700.0,2130.06,0.0388,2140.65,0.0029
189,1,1681369225800.0,2130.06,0.0388,2140.64,0.0655
190,1,1681369225900.0,2130.06,0.0388,2140.63,0.006699999999999999
191,1,1681369226100.0,2130.06,0.0388,2140.62,0.0678
192,1,1681369226200.0,2130.06,0.0388,2140.62,0.0678
193,1,1681369226300.0,2130.06,0.0388,2140.61,0.006699999999999999
194,1,1681369226400.0,2130.06,0.0388,2140.6,0.0551
195,1,1681369226500.0,2130.06,0.0388,2140.59,0.006699999999999999
196,1,1681369226600.0,2130.06,0.0388,2140.58,0.0609
197,1,1681369226800.0,2130.06,0.0388,2140.57,0.007199999999999999
198,1,1681369226900.0,2130.06,0.0388,2140.56,0.061
199,1,1681369227000.0,2130.06,0.0388,2140.55,0.0044
200,1,1681369227100.0,2130.06,0.0388,2140.55,0.009499999999999998
201,1,1681369227200.0,2130.06,0.0388,2140.54,0.0627
202,1,1681369227300.0,2130.06,0.0388,2140.54,0.0627
203,1,1681369227400.0,2130.06,0.0388,2140.53,0.0067
204,1,1681369227500.0,2130.06,0.0388,2140.53,0.007200000000000001
205,1,1681369227600.0,2130.06,0.0388,2140.52,0.0574
206,1,1681369227700.0,2130.06,0.0388,2140.51,0.0067
207,1,1681369227800.0,2130.06,0.0388,2140.51,0.0067
208,1,1681369227900.0,2130.06,0.0388,2140.51,0.0072000000000000015
209,1,1681369228000.0,2130.06,0.0388,2140.5,0.0595
210,1,1681369228200.0,2130.06,0.0388,2140.49,0.0029
211,1,1681369228300.0,2130.06,0.0388,2140.48,0.0432
212,1,1681369228800.0,2130.06,0.0388,2140.48,0.0432
213,1,1681369228900.0,2130.06,0.0388,2140.47,0.0082
214,1,1681369229000.0,2130.06,0.0388,2140.47,0.007200000000000001
215,1,1681369229200.0,2130.06,0.0388,2140.46,0.0585
216,1,1681369229300.0,2130.06,0.0388,2140.46,0.0585
217,1,1681369229400.0,2130.06,0.0388,2140.44,0.0658
218,1,1681369229500.0,2130.06,0.0388,2140.43,0.0072
219,1,1681369229600.0,2130.06,0.0388,2140.43,0.0139
220,1,1681369229700.0,2130.06,0.0388,2140.42,0.0539
221,1,1681369229800.0,2130.06,0.0388,2140.41,0.006699999999999999
222,1,1681369230000.0,2130.06,0.0388,2140.4,0.0067
223,1,1681369230100.0,2130.06,0.0388,2140.39,0.0561
224,1,1681369230200.0,2130.06,0.0388,2140.38,0.0067
225,1,1681369230300.0,2130.06,0.0388,2140.37,0.0552
226,1,1681369230400.0,2130.06,0.0388,2140.36,0.0072
227,1,1681369230500.0,2130.06,0.0388,2140.36,0.011
228,1,1681369230600.0,2130.06,0.0388,2140.35,0.0582
229,1,1681369230700.0,2130.06,0.0388,2140.35,0.0582
230,1,1681369230800.0,2130.06,0.0388,2140.34,0.0067
231,1,1681369230900.0,2130.06,0.0388,2140.34,0.007199999999999999
232,1,1681369231000.0,2130.06,0.0388,2140.33,0.0617
233,1,1681369231100.0,2130.06,0.0388,2140.32,0.0067
234,1,1681369231300.0,2130.06,0.0388,2140.31,0.0494
235,1,1681369231400.0,2130.06,0.0388,2140.3,0.0067
236,1,1681369231500.0,2130.06,0.0388,2140.29,0.0536
237,1,1681369231600.0,2130.06,0.0388,2140.29,0.0536
238,1,1681369231700.0,2130.06,0.0388,2140.28,0.006699999999999999
239,1,1681369231800.0,2130.06,0.0388,2140.27,0.0644
240,1,1681369231900.0,2130.06,0.0388,2140.27,0.0644
241,1,1681369232000.0,2130.06,0.0388,2140.25,0.0776
242,1,1681369232100.0,2130.06,0.0388,2140.24,0.0073
243,1,1681369232200.0,2130.06,0.0388,2140.24,0.005300000000000001
244,1,1681369232300.0,2130.06,0.0388,2140.23,0.0224
245,1,1681369232400.0,2130.06,0.0388,2140.22,0.0073
246,1,1681369232600.0,2130.06,0.0388,2140.21,0.0526
247,1,1681369232700.0,2130.06,0.0388,2140.2,0.0073
248,1,1681369232800.0,2130.06,0.0388,2140.2,0.005300000000000001
249,1,1681369232900.0,2130.06,0.0388,2140.93,0.0066
250,1,1681369233000.0,2130.06,0.0388,2140.93,0.0101
251,1,1681369233100.0,2130.06,0.0388,2140.93,0.006599999999999999
252,1,1681369233200.0,2130.06,0.0388,2140.92,0.0722
253,1,1681369233300.0,2130.06,0.0388,2140.91,0.0038
254,1,1681369233500.0,2130.06,0.0388,2140.91,0.010100000000000001
255,1,1681369233600.0,2130.06,0.0388,2140.91,0.007300000000000003
256,1,1681369233700.0,2130.06,0.0388,2140.9,0.0658
257,1,1681369233800.0,2130.06,0.0388,2140.89,0.0073
258,1,1681369233900.0,2130.06,0.0388,2140.89,0.0073
259,1,1681369234000.0,2130.06,0.0388,2140.89,0.0101
260,1,1681369234100.0,2130.06,0.0388,2140.88,0.0592
261,1,1681369234200.0,2130.06,0.0388,2140.87,0.0073
262,1,1681369234300.0,2130.06,0.0388,2140.86,0.0687
263,1,1681369234400.0,2130.06,0.0388,2140.86,0.0687
264,1,1681369234500.0,2130.06,0.0388,2140.85,0.0073
265,1,1681369234600.0,2130.06,0.0388,2140.84,0.0542
266,1,1681369234700.0,2130.06,0.0388,2140.83,0.0073
267,1,1681369234800.0,2130.06,0.0388,2140.82,0.0677
268,1,1681369234900.0,2130.06,0.0388,2140.82,0.0677
269,1,1681369235000.0,2130.06,0.0388,2140.81,0.0067
270,1,1681369235100.0,2130.06,0.0388,2140.8,0.0657
271,1,1681369235200.0,2130.06,0.0388,2140.8,0.0657
272,1,1681369235300.0,2130.06,0.0388,2140.79,0.0067
273,1,1681369235400.0,2130.06,0.0388,2140.79,0.0028
274,1,1681369235500.0,2130.06,0.0388,2140.79,0.0028000000000000004
275,1,1681369235600.0,2130.06,0.0388,2140.79,0.009500000000000001
276,1,1681369235700.0,2130.06,0.0388,2140.78,0.0537
277,1,1681369235800.0,2130.06,0.0388,2140.77,0.0057
278,1,1681369235900.0,2130.06,0.0388,2140.77,0.007200000000000001
279,1,1681369236000.0,2130.06,0.0388,2140.76,0.0681
280,1,1681369236100.0,2130.06,0.0388,2140.76,0.0681
281,1,1681369236200.0,2130.06,0.0388,2140.75,0.009499999999999998
282,1,1681369236300.0,2130.06,0.0388,2140.74,0.0557
283,1,1681369236400.0,2130.06,0.0388,2140.73,0.0067
284,1,1681369236500.0,2130.06,0.0388,2140.72,0.0647
285,1,1681369236700.0,2130.06,0.0388,2140.71,0.0067
286,1,1681369236800.0,2130.06,0.0388,2140.7,0.0637
287,1,1681369236900.0,2130.06,0.0388,2140.7,0.0637
288,1,1681369237000.0,2130.06,0.0388,2140.68,0.0568
289,1,1681369237100.0,2130.06,0.0388,2140.68,0.0568
290,1,1681369237200.0,2130.06,0.0388,2140.67,0.0044
291,1,1681369237300.0,2130.06,0.0388,2140.66,0.0597
292,1,1681369237800.0,2130.06,0.0388,2140.65,0.0057
293,1,1681369237900.0,2130.06,0.0388,2140.65,0.0095
294,1,1681369238100.0,2130.06,0.0388,2140.93,0.0044
295,1,1681369238200.0,2130.06,0.0388,2140.93,0.007199999999999999
296,1,1681369238300.0,2130.06,0.0388,2140.92,0.0718
297,1,1681369238400.0,2130.06,0.0388,2140.91,0.0044
298,1,1681369238600.0,2130.06,0.0388,2140.9,0.0605
299,1,1681369238700.0,2130.06,0.0388,2140.89,0.0044
300,1,1681369238800.0,2130.06,0.0388,2140.89,0.009500000000000001
301,1,1681369238900.0,2130.06,0.0388,2140.88,0.0691
302,1,1681369239000.0,2130.06,0.0388,2140.87,0.0044
303,1,1681369239100.0,2130.06,0.0388,2140.86,0.0612
304,1,1681369239200.0,2130.06,0.0388,2140.85,0.0044
305,1,1681369239400.0,2130.06,0.0388,2140.85,0.0095
306,1,1681369239600.0,2130.06,0.0388,2140.84,0.07
307,1,1681369239800.0,2130.06,0.0388,2140.83,0.0067
308,1,1681369239900.0,2130.06,0.0388,2140.82,0.0711
309,1,1681369240000.0,2130.06,0.0388,2140.82,0.0711
310,1,1681369240100.0,2130.06,0.0388,2140.81,0.0072
311,1,1681369240200.0,2130.06,0.0388,2140.8,0.0672
312,1,1681369240300.0,2130.06,0.0388,2140.8,0.0672
313,1,1681369240400.0,2130.06,0.0388,2140.79,0.0072000000000000015
314,1,1681369240500.0,2130.06,0.0388,2140.77,0.0067
315,1,1681369240600.0,2130.06,0.0388,2140.77,0.007199999999999999
316,1,1681369240700.0,2130.06,0.0388,2140.76,0.0662
317,1,1681369240800.0,2130.06,0.0388,2140.75,0.0044
318,1,1681369240900.0,2130.06,0.0388,2140.75,0.006599999999999999
319,1,1681369241000.0,2130.06,0.0388,2140.74,0.0677
320,1,1681369241300.0,2130.06,0.0388,2140.73,0.006699999999999999
321,1,1681369241400.0,2130.06,0.0388,2140.72,0.0619
322,1,1681369241600.0,2130.06,0.0388,2140.71,0.0067
323,1,1681369241800.0,2130.06,0.0388,2140.7,0.0643
324,1,1681369241900.0,2130.06,0.0388,2140.69,0.0072
325,1,1681369242100.0,2130.06,0.0388,2140.69,0.009499999999999998
326,1,1681369242200.0,2130.06,0.0388,2140.67,0.0044
327,1,1681369242400.0,2130.06,0.0388,2140.67,0.009499999999999998
328,1,1681369242500.0,2130.06,0.0388,2140.66,0.0658
329,1,1681369242600.0,2130.06,0.0388,2140.65,0.0072
330,1,1681369242700.0,2130.06,0.0388,2140.64,0.0608
331,1,1681369242800.0,2130.06,0.0388,2140.63,0.0044
332,1,1681369242900.0,2130.06,0.0388,2140.62,0.0566
333,1,1681369243000.0,2130.06,0.0388,2140.62,0.0566
334,1,1681369243200.0,2130.06,0.0388,2140.61,0.004400000000000001
335,1,1681369243300.0,2130.06,0.0388,2140.6,0.0634
336,1,1681369243400.0,2130.06,0.0388,2140.59,0.004400000000000001
337,1,1681369243500.0,2130.06,0.0388,2140.59,0.008200000000000002
338,1,1681369243700.0,2130.06,0.0388,2140.94,0.0491
339,1,1681369243800.0,2130.06,0.0388,2140.92,0.0709
340,1,1681369243900.0,2130.06,0.0388,2140.92,0.0709
341,1,1681369244000.0,2130.06,0.0388,2140.91,0.0139
342,1,1681369244100.0,2130.06,0.0388,2140.91,0.0027999999999999987
343,1,1681369244200.0,2130.06,0.0388,2140.9,0.0555
344,1,1681369244300.0,2130.06,0.0388,2140.9,0.0555
345,1,1681369244400.0,2130.06,0.0388,2140.89,0.0028
346,1,1681369244500.0,2130.06,0.0388,2140.89,0.0028000000000000004
347,1,1681369244600.0,2130.06,0.0388,2140.88,0.074
348,1,1681369244700.0,2130.06,0.0388,2140.88,0.074
349,1,1681369244900.0,2130.06,0.0388,2140.87,0.0139
350,1,1681369245100.0,2130.06,0.0388,2140.94,0.0386
351,1,1681369245200.0,2130.06,0.0388,2140.86,0.0139
352,1,1681369245300.0,2130.06,0.0388,2140.94,0.0386
353,1,1681369245400.0,2130.06,0.0388,2140.94,0.0386
354,1,1681369245600.0,2130.06,0.0388,2140.92,0.0638
355,1,1681369245700.0,2130.06,0.0388,2140.92,0.0638
356,1,1681369245800.0,2130.06,0.0388,2140.91,0.011
357,1,1681369245900.0,2130.06,0.0388,2140.91,0.0139
358,1,1681369246000.0,2130.06,0.0388,2140.94,0.0488
359,1,1681369246400.0,2130.06,0.0388,2140.94,0.0488
360,1,1681369246500.0,2130.06,0.0388,2144.83,0.0776
361,1,1681369246600.0,2130.06,0.0388,2140.93,0.0139
362,1,1681369246700.0,2130.06,0.0388,2144.83,0.0776
363,1,1681369246800.0,2130.06,0.0388,2144.82,0.0139
364,1,1681369246900.0,2130.06,0.0388,2144.81,0.0776
365,1,1681369247000.0,2130.06,0.0388,2144.8,0.0111
366,1,1681369247100.0,2130.06,0.0388,2144.79,0.0776
367,1,1681369247200.0,2130.06,0.0388,2144.79,0.0776
368,1,1681369247300.0,2130.06,0.0388,2144.78,0.0111
369,1,1681369247400.0,2130.06,0.0388,2144.77,0.0776
370,1,1681369247500.0,2130.06,0.0388,2144.77,0.0776
371,1,1681369247600.0,2130.06,0.0388,2144.76,0.0111
372,1,1681369247700.0,2130.06,0.0388,2144.75,0.0849
373,1,1681369247800.0,2130.06,0.0388,2144.74,0.0015
374,1,1681369247900.0,2130.06,0.0388,2144.74,0.0139
375,1,1681369248000.0,2130.06,0.0537,2144.73,0.0776
376,1,1681369248100.0,2130.06,0.0537,2144.73,0.0776
377,1,1681369248200.0,2130.06,0.0537,2144.72,0.0072000000000000015
378,1,1681369248300.0,2130.06,0.0537,2144.71,0.0776
379,1,1681369248400.0,2130.06,0.0537,2144.71,0.0776
380,1,1681369248500.0,2130.06,0.0537,2144.7,0.009499999999999998
381,1,1681369248600.0,2130.06,0.0537,2144.7,0.0139
382,1,1681369248700.0,2130.06,0.0537,2144.69,0.0776
383,1,1681369248800.0,2130.06,0.0537,2144.68,0.0044
384,1,1681369248900.0,2130.06,0.0537,2144.67,0.0776
385,1,1681369249000.0,2130.06,0.0537,2144.66,0.0044
386,1,1681369249200.0,2130.06,0.0537,2144.65,0.0776
387,1,1681369249300.0,2130.06,0.0537,2144.64,0.0095
388,1,1681369249400.0,2130.06,0.0537,2144.64,0.007199999999999999
389,1,1681369249500.0,2130.06,0.0537,2144.63,0.0776
390,1,1681369249600.0,2130.06,0.0537,2144.63,0.0776
391,1,1681369249700.0,2130.06,0.0537,2144.61,0.0776
392,1,1681369249800.0,2130.06,0.0537,2144.6,0.0044
393,1,1681369249900.0,2130.06,0.0537,2144.6,0.005700000000000001
394,1,1681369250000.0,2130.06,0.0537,2144.59,0.0776
395,1,1681369250200.0,2130.06,0.0537,2144.58,0.005899999999999999
396,1,1681369250300.0,2130.06,0.0537,2144.58,0.005699999999999998
397,1,1681369250400.0,2130.06,0.0537,2144.57,0.0776
398,1,1681369250500.0,2130.06,0.0537,2144.56,0.0029
399,1,1681369250600.0,2130.06,0.0537,2144.56,0.0072
400,1,1681369250800.0,2130.06,0.0537,2144.56,0.0072
401,1,1681369250900.0,2130.06,0.0537,2144.55,0.0776
402,1,1681369251000.0,2130.06,0.0537,2144.54,0.0082
403,1,1681369251200.0,2130.06,0.0537,2144.54,0.0057
404,1,1681369251300.0,2130.06,0.0537,2144.53,0.009500000000000001
405,1,1681369251400.0,2130.06,0.0537,2144.52,0.0776
406,1,1681369251500.0,2130.06,0.0537,2144.51,0.0057
407,1,1681369251700.0,2130.06,0.0537,2144.5,0.0776
408,1,1681369251800.0,2130.06,0.0537,2144.5,0.0776
409,1,1681369251900.0,2130.06,0.0537,2144.49,0.0097
410,1,1681369252000.0,2130.06,0.0537,2144.48,0.0776
411,1,1681369252200.0,2130.06,0.0537,2144.47,0.011
412,1,1681369252300.0,2130.06,0.0537,2144.46,0.0776
413,1,1681369252400.0,2130.06,0.0537,2144.45,0.0029
414,1,1681369252500.0,2130.06,0.0537,2144.45,0.0097
415,1,1681369252600.0,2130.06,0.0537,2144.44,0.0776
416,1,1681369252700.0,2130.06,0.0537,2144.44,0.0776
417,1,1681369252800.0,2130.06,0.0537,2144.43,0.0082
418,1,1681369252900.0,2130.06,0.0537,2144.42,0.0776
419,1,1681369253000.0,2130.06,0.0537,2144.42,0.0776
420,1,1681369253100.0,2130.06,0.0537,2144.41,0.0082
421,1,1681369253200.0,2130.06,0.0537,2144.41,0.0057
422,1,1681369253300.0,2130.06,0.0537,2144.39,0.0776
423,1,1681369253400.0,2130.06,0.0537,2144.38,0.0082
424,1,1681369253500.0,2130.06,0.0537,2144.38,0.004399999999999999
425,1,1681369253600.0,2130.06,0.0537,2144.36,0.0082
426,1,1681369253800.0,2130.06,0.0537,2144.36,0.0057
427,1,1681369253900.0,2130.06,0.0537,2144.34,0.0776
428,1,1681369254100.0,2130.06,0.0537,2144.32,0.0776
429,1,1681369254200.0,2130.06,0.0537,2144.31,0.0038
430,1,1681369254300.0,2130.06,0.0537,2144.31,0.0082
431,1,1681369254400.0,2130.06,0.0537,2144.29,0.0057
432,1,1681369254600.0,2130.06,0.0537,2144.28,0.0776
433,1,1681369254700.0,2130.06,0.0537,2144.28,0.0776
434,1,1681369254800.0,2130.06,0.0537,2144.27,0.0057
435,1,1681369254900.0,2130.06,0.0537,2144.26,0.0776
436,1,1681369255500.0,2130.06,0.0537,2144.26,0.0776
437,1,1681369255700.0,2130.06,0.0537,2144.25,0.0097
438,1,1681369255900.0,2130.06,0.0537,2144.24,0.0013
439,1,1681369256000.0,2130.06,0.0537,2144.76,0.0776
440,1,1681369256100.0,2130.06,0.0537,2144.75,0.0086
441,1,1681369256200.0,2130.06,0.0537,2144.74,0.0776
442,1,1681369256300.0,2130.06,0.0537,2144.74,0.0776
443,1,1681369256400.0,2130.06,0.0537,2144.73,0.0073
444,1,1681369256500.0,2130.06,0.0537,2144.73,0.0013
445,1,1681369256600.0,2130.06,0.0537,2144.72,0.0776
446,1,1681369256700.0,2130.06,0.0537,2144.72,0.0776
447,1,1681369256800.0,2130.06,0.0537,2144.7,0.0776
448,1,1681369256900.0,2130.06,0.0537,2144.69,0.0126
449,1,1681369257000.0,2130.06,0.0537,2144.69,0.0097
450,1,1681369257100.0,2130.06,0.0537,2144.69,0.0027999999999999987
451,1,1681369257200.0,2130.06,0.0537,2144.69,0.0139
452,1,1681369257300.0,2130.06,0.0537,2144.68,0.0776
453,1,1681369257400.0,2130.06,0.0537,2144.67,0.0111
454,1,1681369257500.0,2130.06,0.0537,2144.66,0.0776
455,1,1681369257600.0,2130.06,0.0537,2144.65,0.0111
456,1,1681369257800.0,2130.06,0.0537,2144.63,0.0111
457,1,1681369257900.0,2130.06,0.0537,2144.63,0.0028000000000000004
458,1,1681369258000.0,2130.06,0.0537,2144.62,0.0776
459,1,1681369258100.0,2130.06,0.0388,2144.62,0.0776
460,1,1681369258200.0,2130.06,0.0388,2144.62,0.0776
461,1,1681369258300.0,2130.06,0.0388,2144.61,0.0139
462,1,1681369258400.0,2130.06,0.0388,2144.6,0.0776
463,1,1681369258500.0,2130.06,0.0388,2144.6,0.0776
464,1,1681369258600.0,2130.06,0.0388,2144.59,0.0111
465,1,1681369258700.0,2130.06,0.0388,2144.58,0.0776
466,1,1681369258800.0,2130.06,0.0388,2144.57,0.0111
467,1,1681369258900.0,2130.06,0.0388,2144.56,0.0776
468,1,1681369259000.0,2130.06,0.0388,2144.55,0.0111
469,1,1681369259100.0,2130.06,0.0388,2144.55,0.0066
470,1,1681369259200.0,2130.06,0.0388,2144.55,0.0139
471,1,1681369259300.0,2130.06,0.0388,2144.54,0.0776
472,1,1681369259400.0,2130.06,0.0388,2144.54,0.0776
473,1,1681369259500.0,2130.06,0.0388,2144.53,0.0111
474,1,1681369259700.0,2130.06,0.0388,2144.52,0.0776
475,1,1681369259900.0,2130.06,0.0388,2144.51,0.0111
476,1,1681369260000.0,2130.06,0.0388,2144.51,0.0053
477,1,1681369260100.0,2130.06,0.0388,2144.49,0.0073
478,1,1681369260600.0,2130.06,0.0388,2144.49,0.0053
479,1,1681369260700.0,2130.06,0.0388,2144.48,0.0776
480,1,1681369260800.0,2130.06,0.0388,2144.47,0.0038
481,1,1681369260900.0,2130.06,0.0388,2144.46,0.0776
482,1,1681369261000.0,2130.06,0.0388,2144.45,0.0038
483,1,1681369261200.0,2130.06,0.0388,2144.45,0.0101
484,1,1681369261400.0,2130.06,0.0388,2144.44,0.0776
485,1,1681369261500.0,2130.06,0.0388,2144.44,0.0776
486,1,1681369261600.0,2130.06,0.0388,2144.43,0.0038
487,1,1681369261700.0,2130.06,0.0388,2144.43,0.0101
488,1,1681369261800.0,2130.06,0.0388,2144.43,0.0066
489,1,1681369261900.0,2130.06,0.0388,2144.42,0.0776
490,1,1681369262000.0,2130.06,0.0388,2144.42,0.0776
491,1,1681369262100.0,2130.06,0.0388,2144.41,0.0038
492,1,1681369262300.0,2130.06,0.0388,2144.4,0.0776
493,1,1681369262400.0,2130.06,0.0388,2144.4,0.0776
494,1,1681369262500.0,2130.06,0.0388,2144.39,0.006599999999999999
495,1,1681369262600.0,2130.06,0.0388,2144.38,0.0776
496,1,1681369262700.0,2130.06,0.0388,2144.38,0.0776
497,1,1681369262800.0,2130.06,0.0388,2144.37,0.010100000000000001
498,1,1681369262900.0,2130.06,0.0388,2144.36,0.0776
499,1,1681369263000.0,2130.06,0.0388,2144.36,0.0776
500,1,1681369263100.0,2130.06,0.0388,2144.35,0.0073
501,1,1681369263200.0,2130.06,0.0388,2144.35,0.006599999999999999
502,1,1681369263300.0,2130.06,0.0388,2144.34,0.0776
503,1,1681369263500.0,2130.06,0.0388,2144.33,0.012400000000000001
504,1,1681369263600.0,2130.06,0.0388,2144.32,0.0776
505,1,1681369263700.0,2130.06,0.0388,2144.31,0.0073
506,1,1681369263900.0,2130.06,0.0388,2144.3,0.0776
507,1,1681369264300.0,2130.06,0.0388,2144.29,0.0049
508,1,1681369264400.0,2130.06,0.0388,2144.28,0.0776
509,1,1681369264500.0,2130.06,0.0388,2144.27,0.0051
510,1,1681369264600.0,2130.06,0.0388,2144.27,0.0072
511,1,1681369264700.0,2130.06,0.0388,2144.26,0.0776
512,1,1681369264800.0,2130.06,0.0388,2144.25,0.0044
513,1,1681369265000.0,2130.06,0.0388,2144.24,0.0776
514,1,1681369265100.0,2130.06,0.0388,2144.24,0.0776
515,1,1681369265200.0,2130.06,0.0388,2144.23,0.0066
516,1,1681369265300.0,2130.06,0.0388,2144.22,0.0776
517,1,1681369265400.0,2130.06,0.0388,2144.21,0.0044
518,1,1681369265500.0,2130.06,0.0388,2144.2,0.0776
519,1,1681369265600.0,2130.06,0.0388,2144.19,0.0044
520,1,1681369265700.0,2130.06,0.0388,2144.19,0.005700000000000001
521,1,1681369265800.0,2130.06,0.0388,2144.18,0.0776
522,1,1681369265900.0,2130.06,0.0388,2144.18,0.0776
523,1,1681369266000.0,2130.06,0.0388,2144.17,0.0029
524,1,1681369266100.0,2130.06,0.0388,2144.16,0.0776
525,1,1681369266200.0,2130.06,0.0537,2144.15,0.0028
526,1,1681369266300.0,2130.06,0.0537,2144.15,0.0072
527,1,1681369266400.0,2130.06,0.0537,2144.15,0.009499999999999998
528,1,1681369266500.0,2130.06,0.0537,2144.15,0.002799999999999998
529,1,1681369266600.0,2130.06,0.0537,2144.15,0.009499999999999998
530,1,1681369266800.0,2130.06,0.0537,2144.15,0.007199999999999999
531,1,1681369267000.0,2130.06,0.0537,2144.15,0.009499999999999998
532,1,1681369267200.0,2130.06,0.0537,2144.14,0.0776
533,1,1681369267300.0,2130.06,0.0537,2144.14,0.0776
534,1,1681369267500.0,2130.06,0.0537,2144.13,0.0095
535,1,1681369267600.0,2130.06,0.0537,2144.13,0.0057
536,1,1681369267700.0,2130.06,0.0537,2144.12,0.0776
537,1,1681369267800.0,2130.06,0.0537,2144.12,0.0776
538,1,1681369267900.0,2130.06,0.0537,2144.12,0.0776
539,1,1681369268000.0,2130.06,0.0537,2144.11,0.0095
540,1,1681369268100.0,2130.06,0.0537,2144.11,0.0027999999999999995
541,1,1681369268200.0,2130.06,0.0537,2144.1,0.0776
542,1,1681369268300.0,2130.06,0.0537,2144.1,0.0776
543,1,1681369268400.0,2130.06,0.0537,2144.09,0.0044
544,1,1681369268600.0,2130.06,0.0537,2144.08,0.0776
545,1,1681369268700.0,2130.06,0.0537,2144.07,0.0044
546,1,1681369268800.0,2130.06,0.0537,2144.06,0.0776
547,1,1681369268900.0,2130.06,0.0537,2144.05,0.0044
548,1,1681369269000.0,2130.06,0.0537,2144.05,0.0044
549,1,1681369269100.0,2130.06,0.0537,2144.04,0.0776
550,1,1681369269200.0,2130.06,0.0537,2144.04,0.0776
551,1,1681369269300.0,2130.06,0.0537,2144.03,0.0067
552,1,1681369269400.0,2130.06,0.0537,2144.02,0.0776
553,1,1681369269600.0,2130.06,0.0537,2144.01,0.0029
554,1,1681369269700.0,2130.06,0.0537,2144.0,0.0776
555,1,1681369269800.0,2130.06,0.0537,2143.99,0.0097
556,1,1681369269900.0,2130.06,0.0537,2143.98,0.0776
557,1,1681369270000.0,2130.07,0.0354,2143.98,0.0776
558,1,1681369270100.0,2130.07,0.0354,2143.97,0.0082
559,1,1681369270200.0,2130.07,0.0354,2143.97,0.004399999999999999
560,1,1681369270300.0,2130.06,0.0537,2143.95,0.0776
561,1,1681369270400.0,2130.06,0.0537,2143.94,0.0038
562,1,1681369270500.0,2130.06,0.0537,2143.94,0.0082
563,1,1681369270600.0,2130.06,0.0537,2143.94,0.0028000000000000004
564,1,1681369270700.0,2130.06,0.0537,2143.93,0.0776
565,1,1681369270800.0,2130.06,0.0537,2143.93,0.0776
566,1,1681369270900.0,2130.06,0.0537,2144.01,0.0776
567,1,1681369271500.0,2130.06,0.0537,2143.92,0.011
568,1,1681369271600.0,2130.06,0.0537,2143.91,0.0776
569,1,1681369271700.0,2130.06,0.0537,2143.9,0.011
570,1,1681369271900.0,2130.06,0.0537,2143.89,0.0776
571,1,1681369272100.0,2130.06,0.0537,2143.88,0.005700000000000001
572,1,1681369272200.0,2130.06,0.0537,2143.87,0.0776
573,1,1681369272300.0,2130.06,0.0537,2143.87,0.0776
574,1,1681369272400.0,2130.06,0.0537,2143.86,0.0029
575,1,1681369272500.0,2130.06,0.0537,2143.85,0.0776
576,1,1681369272600.0,2130.06,0.0537,2143.85,0.0776
577,1,1681369272700.0,2130.06,0.0537,2143.84,0.0029
578,1,1681369272800.0,2130.06,0.0537,2143.83,0.0776
579,1,1681369272900.0,2130.06,0.0537,2143.82,0.011
580,1,1681369273000.0,2130.06,0.0537,2143.81,0.0776
581,1,1681369273100.0,2130.06,0.0537,2143.8,0.0082
582,1,1681369273200.0,2130.06,0.0388,2143.8,0.005900000000000001
583,1,1681369273300.0,2130.06,0.0388,2143.79,0.0776
584,1,1681369273400.0,2130.06,0.0388,2143.78,0.0082
585,1,1681369273500.0,2130.06,0.0388,2143.77,0.0776
586,1,1681369273600.0,2130.06,0.0388,2143.76,0.0082
587,1,1681369273700.0,2130.06,0.0388,2143.75,0.0776
588,1,1681369273800.0,2130.06,0.0388,2143.74,0.0082
589,1,1681369273900.0,2130.06,0.0388,2143.74,0.009500000000000001
590,1,1681369274000.0,2130.06,0.0388,2143.73,0.0776
591,1,1681369274100.0,2130.06,0.0388,2143.72,0.0029
592,1,1681369274300.0,2130.06,0.0388,2143.7,0.0029
593,1,1681369274500.0,2130.06,0.0388,2143.7,0.0056999999999999985
594,1,1681369274600.0,2130.06,0.0388,2143.69,0.0776
595,1,1681369274700.0,2130.06,0.0388,2143.68,0.0029
596,1,1681369274800.0,2130.06,0.0388,2143.67,0.0776
597,1,1681369274900.0,2130.06,0.0388,2143.67,0.0776
598,1,1681369275000.0,2130.06,0.0388,2143.66,0.0126
599,1,1681369275100.0,2130.06,0.0388,2143.66,0.011
600,1,1681369275200.0,2130.06,0.0388,2143.65,0.0028
601,1,1681369275300.0,2130.06,0.0388,2143.65,0.011000000000000001
602,1,1681369275400.0,2130.06,0.0388,2143.64,0.0776
603,1,1681369275600.0,2130.06,0.0388,2143.63,0.0044
604,1,1681369275700.0,2130.06,0.0388,2143.63,0.0029
605,1,1681369275800.0,2130.06,0.0388,2143.61,0.0029
606,1,1681369276000.0,2130.06,0.0388,2143.6,0.0776
607,1,1681369276200.0,2130.06,0.0388,2143.59,0.0029
608,1,1681369276300.0,2130.06,0.0388,2143.58,0.0776
609,1,1681369276400.0,2130.06,0.0388,2143.57,0.0029
610,1,1681369276500.0,2130.06,0.0388,2143.56,0.0776
611,1,1681369276600.0,2130.06,0.0388,2143.55,0.011
612,1,1681369276700.0,2130.06,0.0388,2143.54,0.0776
613,1,1681369276800.0,2130.06,0.0388,2143.53,0.0029
614,1,1681369276900.0,2130.06,0.0388,2143.53,0.011
615,1,1681369277100.0,2130.06,0.0388,2143.52,0.0776
616,1,1681369277200.0,2130.06,0.0388,2143.52,0.0776
617,1,1681369277500.0,2130.06,0.0388,2143.51,0.0082
618,1,1681369277800.0,2130.06,0.0388,2143.49,0.0082
619,1,1681369278000.0,2130.06,0.0388,2143.48,0.0776
620,1,1681369278100.0,2130.06,0.0388,2143.47,0.0029
621,1,1681369278300.0,2130.06,0.0388,2143.46,0.0776
622,1,1681369278500.0,2130.06,0.0388,2143.45,0.0029
623,1,1681369278600.0,2130.06,0.0388,2143.44,0.0776
624,1,1681369278700.0,2130.06,0.0537,2143.43,0.011
625,1,1681369278800.0,2130.06,0.0537,2143.42,0.0776
626,1,1681369278900.0,2130.06,0.0537,2143.41,0.0082
627,1,1681369279100.0,2130.06,0.0537,2143.4,0.0776
628,1,1681369279200.0,2130.06,0.0537,2143.4,0.0776
629,1,1681369279300.0,2130.06,0.0537,2143.39,0.0029
630,1,1681369279400.0,2130.06,0.0537,2143.37,0.0029
631,1,1681369279500.0,2130.06,0.0537,2143.37,0.0013
632,1,1681369279600.0,2130.06,0.0537,2143.37,0.0028
633,1,1681369279800.0,2130.06,0.0537,2144.01,0.0776
634,1,1681369279900.0,2130.06,0.0537,2144.0,0.0015
635,1,1681369280000.0,2130.06,0.0537,2143.99,0.0776
636,1,1681369280100.0,2130.06,0.0537,2143.99,0.0776
637,1,1681369280200.0,2130.06,0.0537,2143.98,0.0028
638,1,1681369280300.0,2130.06,0.0537,2143.98,0.0028
639,1,1681369280400.0,2130.07,0.0357,2143.97,0.0776
640,1,1681369281000.0,2130.07,0.0357,2143.97,0.0776
641,1,1681369281200.0,2130.07,0.0357,2143.96,0.0124
642,1,1681369281300.0,2130.07,0.0357,2143.96,0.001299999999999999
643,1,1681369281400.0,2130.07,0.0357,2143.95,0.0111
644,1,1681369281500.0,2130.07,0.0357,2143.94,0.0843
645,1,1681369281600.0,2130.07,0.0357,2143.94,0.0887
646,1,1681369281700.0,2130.07,0.0357,2143.93,0.0013
647,1,1681369281800.0,2130.07,0.0357,2143.98,0.0038
648,1,1681369281900.0,2130.07,0.0357,2143.98,0.0111
649,1,1681369282000.0,2130.07,0.0357,2143.98,0.0028000000000000004
650,1,1681369282200.0,2130.07,0.0357,2143.97,0.0776
651,1,1681369282300.0,2130.07,0.0357,2143.97,0.0776
652,1,1681369282400.0,2130.07,0.0357,2143.96,0.0027999999999999995
653,1,1681369282600.0,2130.07,0.0357,2143.96,0.0139
654,1,1681369282700.0,2130.07,0.0357,2143.95,0.0139
655,1,1681369282900.0,2130.07,0.0357,2143.94,0.0776
656,1,1681369283000.0,2130.06,0.0537,2143.94,0.0776
657,1,1681369283100.0,2130.06,0.0537,2143.93,0.0139
658,1,1681369283200.0,2130.06,0.0537,2143.93,0.0027999999999999987
659,1,1681369283400.0,2130.06,0.0537,2143.92,0.0776
660,1,1681369283500.0,2130.06,0.0537,2143.92,0.0776
661,1,1681369283600.0,2130.07,0.0452,2143.91,0.0139
662,1,1681369283700.0,2130.07,0.0452,2143.9,0.0776
663,1,1681369283800.0,2130.07,0.0452,2143.9,0.0776
664,1,1681369283900.0,2130.07,0.0452,2143.89,0.0111
665,1,1681369284000.0,2130.07,0.0452,2143.88,0.0776
666,1,1681369284100.0,2130.07,0.0452,2143.87,0.0044
667,1,1681369284200.0,2130.07,0.0452,2143.87,0.0072
668,1,1681369284300.0,2130.07,0.0452,2143.87,0.0027999999999999995
669,1,1681369284400.0,2130.07,0.0452,2143.87,0.0072
670,1,1681369284500.0,2130.07,0.0452,2143.87,0.0027999999999999995
671,1,1681369284600.0,2130.07,0.0452,2143.99,0.02840000000000001
672,1,1681369284700.0,2130.07,0.0452,2143.98,0.0072
673,1,1681369284800.0,2130.07,0.0452,2143.98,0.0027999999999999995
674,1,1681369284900.0,2130.07,0.0452,2143.98,0.0072
675,1,1681369285100.0,2130.07,0.0452,2143.97,0.0776
676,1,1681369285300.0,2130.07,0.0452,2143.95,0.0776
677,1,1681369285400.0,2130.07,0.0452,2143.94,0.0038
678,1,1681369285500.0,2130.07,0.0452,2143.94,0.0072
679,1,1681369285600.0,2130.07,0.0452,2143.94,0.009499999999999998
680,1,1681369285700.0,2130.07,0.0452,2143.93,0.0776
681,1,1681369285800.0,2130.07,0.0452,2143.92,0.0067
682,1,1681369285900.0,2130.07,0.0452,2143.91,0.0776
683,1,1681369286000.0,2130.07,0.0452,2143.9,0.0067
684,1,1681369286200.0,2130.07,0.0452,2143.89,0.0776
685,1,1681369286300.0,2130.07,0.0452,2143.89,0.0776
686,1,1681369286400.0,2130.07,0.0452,2143.88,0.0044
687,1,1681369286500.0,2130.07,0.0452,2143.88,0.009499999999999998
688,1,1681369286600.0,2130.07,0.0452,2143.87,0.0776
689,1,1681369286700.0,2130.07,0.0452,2143.86,0.007200000000000002
690,1,1681369286800.0,2130.07,0.0452,2143.85,0.0776
691,1,1681369286900.0,2130.07,0.0452,2143.85,0.0776
692,1,1681369287000.0,2130.07,0.0452,2143.84,0.0044
693,1,1681369287200.0,2130.07,0.0452,2143.98,0.0095
694,1,1681369287300.0,2130.07,0.0452,2143.97,0.0776
695,1,1681369287400.0,2130.07,0.0452,2143.97,0.0776
696,1,1681369287500.0,2130.06,0.0537,2143.96,0.008199999999999999
697,1,1681369287600.0,2130.06,0.0537,2143.95,0.0776
698,1,1681369287700.0,2130.07,0.0267,2143.94,0.0044
699,1,1681369287800.0,2130.07,0.0267,2143.93,0.0776
700,1,1681369287900.0,2130.07,0.0267,2143.92,0.0044
701,1,1681369288000.0,2130.07,0.0267,2143.92,0.0067
702,1,1681369288100.0,2130.07,0.0267,2143.91,0.0776
703,1,1681369288200.0,2130.07,0.0267,2143.91,0.0776
704,1,1681369288300.0,2130.06,0.0537,2143.9,0.0067
705,1,1681369288400.0,2130.06,0.0537,2143.89,0.0776
706,1,1681369288500.0,2130.06,0.0537,2143.88,0.0067
707,1,1681369288600.0,2130.07,0.0295,2143.87,0.0776
708,1,1681369288700.0,2130.07,0.0295,2143.86,0.006699999999999999
709,1,1681369288900.0,2130.06,0.0388,2143.85,0.0776
710,1,1681369289000.0,2130.06,0.0388,2143.85,0.0776
711,1,1681369289700.0,2130.06,0.0388,2143.84,0.0013
712,1,1681369289800.0,2130.06,0.0388,2143.83,0.0776
713,1,1681369289900.0,2130.06,0.0388,2143.83,0.0776
714,1,1681369290000.0,2130.06,0.0388,2143.82,0.0038
715,1,1681369290100.0,2130.06,0.0388,2143.82,0.004400000000000001
716,1,1681369290200.0,2130.06,0.0388,2143.82,0.004400000000000001
717,1,1681369290300.0,2130.06,0.0388,2143.98,0.0038
718,1,1681369290400.0,2130.06,0.0388,2143.97,0.0776
719,1,1681369290500.0,2130.06,0.0388,2143.96,0.0038
720,1,1681369290600.0,2130.06,0.0388,2143.96,0.0044
721,1,1681369290800.0,2130.06,0.0388,2143.98,0.0038
722,1,1681369290900.0,2130.06,0.0388,2143.98,0.0044
723,1,1681369291000.0,2130.06,0.0388,2143.98,0.005700000000000001
724,1,1681369291200.0,2130.06,0.0388,2143.97,0.0776
725,1,1681369291300.0,2130.06,0.0388,2143.96,0.0029
726,1,1681369291400.0,2130.06,0.0388,2143.96,0.0072
727,1,1681369291600.0,2130.06,0.0388,2143.98,0.0029
728,1,1681369291700.0,2130.06,0.0388,2143.98,0.007200000000000001
729,1,1681369291900.0,2130.06,0.0388,2143.97,0.0776
730,1,1681369292000.0,2130.06,0.0388,2143.97,0.0776
731,1,1681369292100.0,2130.06,0.0388,2143.95,0.0776
732,1,1681369292200.0,2130.06,0.0388,2143.94,0.0072
733,1,1681369292400.0,2130.06,0.0388,2143.93,0.0776
734,1,1681369292500.0,2130.06,0.0388,2143.93,0.0776
735,1,1681369292600.0,2130.06,0.0388,2143.92,0.0044
736,1,1681369292700.0,2130.06,0.0388,2143.92,0.009499999999999998
737,1,1681369292800.0,2130.06,0.0388,2143.9,0.0044
738,1,1681369293000.0,2130.06,0.0388,2143.89,0.0776
739,1,1681369293200.0,2130.06,0.0388,2143.88,0.010100000000000003
740,1,1681369293300.0,2130.06,0.0388,2143.87,0.0776
741,1,1681369293400.0,2130.06,0.0388,2143.86,0.006699999999999999
742,1,1681369293500.0,2130.06,0.0388,2143.86,0.0072
743,1,1681369293600.0,2130.06,0.0388,2143.86,0.009499999999999998
744,1,1681369293700.0,2130.06,0.0388,2143.86,0.0139
745,1,1681369293800.0,2130.06,0.0388,2143.86,0.007199999999999999
746,1,1681369293900.0,2130.06,0.0388,2143.86,0.009499999999999998
747,1,1681369294100.0,2130.06,0.0388,2143.85,0.0776
748,1,1681369294300.0,2130.06,0.0388,2143.83,0.0776
749,1,1681369294400.0,2130.06,0.0388,2143.82,0.006699999999999999
750,1,1681369294500.0,2130.06,0.0388,2143.82,0.0095
751,1,1681369294600.0,2130.06,0.0388,2143.82,0.009499999999999998
752,1,1681369294700.0,2130.06,0.0388,2143.81,0.0776
753,1,1681369294800.0,2130.06,0.0388,2143.8,0.0067
754,1,1681369294900.0,2130.06,0.0388,2143.79,0.0776
755,1,1681369295000.0,2130.06,0.0388,2143.78,0.006699999999999999
756,1,1681369295100.0,2130.06,0.0388,2143.78,0.0072000000000000015
757,1,1681369295200.0,2130.06,0.0388,2143.76,0.0067
758,1,1681369295300.0,2130.06,0.0388,2143.76,0.0072000000000000015
759,1,1681369295400.0,2130.06,0.0388,2143.75,0.0776
760,1,1681369295600.0,2130.06,0.0388,2143.74,0.0067
761,1,1681369295800.0,2130.06,0.0388,2143.73,0.0776
762,1,1681369296000.0,2130.06,0.0388,2143.72,0.0067
763,1,1681369296200.0,2130.06,0.0388,2143.72,0.0072
764,1,1681369296300.0,2130.06,0.0388,2143.71,0.0776
765,1,1681369296400.0,2130.06,0.0388,2143.7,0.0067
766,1,1681369296600.0,2130.06,0.0388,2143.69,0.0776
767,1,1681369296700.0,2130.06,0.0537,2143.69,0.0776
768,1,1681369296800.0,2130.06,0.0537,2143.67,0.0776
769,1,1681369296900.0,2130.06,0.0537,2143.66,0.0067
770,1,1681369297100.0,2130.06,0.0537,2143.65,0.0776
771,1,1681369297200.0,2130.06,0.0537,2143.64,0.0067
772,1,1681369297400.0,2130.06,0.0537,2143.63,0.0776
773,1,1681369297600.0,2130.06,0.0537,2143.62,0.0067
774,1,1681369297700.0,2130.06,0.0537,2143.61,0.0776
775,1,1681369297800.0,2130.06,0.0537,2143.6,0.0059
776,1,1681369297900.0,2130.06,0.0537,2143.6,0.008199999999999999
777,1,1681369298000.0,2130.06,0.0537,2143.59,0.0776
778,1,1681369298100.0,2130.06,0.0537,2143.59,0.0776
779,1,1681369298200.0,2130.06,0.0537,2143.92,0.0776
780,1,1681369298300.0,2130.06,0.0537,2143.58,0.0139
781,1,1681369298400.0,2130.06,0.0537,2143.92,0.0776
782,1,1681369299000.0,2130.06,0.0537,2143.91,0.0126
783,1,1681369299200.0,2130.06,0.0537,2143.89,0.0057
784,1,1681369299400.0,2130.06,0.0537,2143.88,0.0776
785,1,1681369299600.0,2130.06,0.0537,2143.86,0.0776
786,1,1681369299800.0,2130.06,0.0537,2143.85,0.0044
787,1,1681369299900.0,2130.06,0.0537,2143.84,0.0776
788,1,1681369300100.0,2130.06,0.0537,2143.84,0.0776
789,1,1681369300200.0,2130.06,0.0537,2143.83,0.0095
790,1,1681369300300.0,2130.06,0.0537,2143.82,0.0776
791,1,1681369300400.0,2130.06,0.0537,2143.82,0.0776
792,1,1681369300500.0,2130.06,0.0537,2143.92,0.0776
793,1,1681369300600.0,2130.06,0.0537,2143.81,0.0095
794,1,1681369300700.0,2130.06,0.0537,2143.92,0.0776
795,1,1681369300800.0,2130.06,0.0537,2143.79,0.0776
796,1,1681369300900.0,2130.06,0.0537,2143.78,0.0095
797,1,1681369301000.0,2130.06,0.0537,2143.77,0.0776
798,1,1681369301100.0,2130.06,0.0537,2143.76,0.006699999999999999
799,1,1681369301300.0,2130.06,0.0537,2143.75,0.0776
800,1,1681369301400.0,2130.06,0.0537,2143.75,0.0776
801,1,1681369301500.0,2130.06,0.0537,2143.74,0.0095
802,1,1681369301600.0,2130.06,0.0537,2143.74,0.0027999999999999995
803,1,1681369301800.0,2130.06,0.0537,2143.73,0.0776
804,1,1681369301900.0,2130.06,0.0388,2143.72,0.0028
805,1,1681369302000.0,2130.06,0.0388,2143.72,0.0028
806,1,1681369302100.0,2130.06,0.0388,2143.71,0.0776
807,1,1681369302200.0,2130.06,0.0388,2143.71,0.0776
808,1,1681369302300.0,2130.06,0.0388,2143.69,0.0776
809,1,1681369302400.0,2130.06,0.0388,2143.69,0.0776
810,1,1681369302500.0,2130.06,0.0388,2143.68,0.0029
811,1,1681369302600.0,2130.06,0.0388,2143.68,0.0072
812,1,1681369302700.0,2130.06,0.0388,2143.67,0.0028
813,1,1681369302900.0,2130.06,0.0388,2143.66,0.0776
814,1,1681369303000.0,2130.06,0.0388,2143.65,0.0067
815,1,1681369303100.0,2130.06,0.0388,2143.65,0.0095
816,1,1681369303200.0,2130.06,0.0388,2143.65,0.0072
817,1,1681369303300.0,2130.06,0.0388,2143.65,0.009499999999999998
818,1,1681369303400.0,2130.06,0.0388,2143.64,0.0776
819,1,1681369303500.0,2130.06,0.0388,2143.64,0.0776
820,1,1681369303600.0,2130.06,0.0388,2143.63,0.0072
821,1,1681369303700.0,2130.06,0.0388,2143.62,0.0776
822,1,1681369303800.0,2130.06,0.0388,2143.61,0.0044
823,1,1681369304000.0,2130.06,0.0388,2143.6,0.0776
824,1,1681369304100.0,2130.06,0.0388,2143.59,0.009499999999999998
825,1,1681369304200.0,2130.06,0.0388,2143.58,0.0776
826,1,1681369304400.0,2130.06,0.0388,2143.57,0.0139
827,1,1681369304500.0,2130.06,0.0388,2143.56,0.0776
828,1,1681369304700.0,2130.06,0.0388,2143.55,0.0044
829,1,1681369304800.0,2130.06,0.0388,2143.54,0.0776
830,1,1681369304900.0,2130.06,0.0388,2143.53,0.0095
831,1,1681369305000.0,2130.06,0.0388,2143.53,0.007199999999999999
832,1,1681369305100.0,2130.06,0.0388,2143.52,0.0776
833,1,1681369305300.0,2130.06,0.0388,2143.51,0.0044
834,1,1681369305400.0,2130.06,0.0388,2143.49,0.0095
835,1,1681369305600.0,2130.06,0.0388,2143.48,0.0776
836,1,1681369305700.0,2130.06,0.0388,2143.47,0.0067
837,1,1681369305900.0,2130.06,0.0388,2143.47,0.007199999999999999
838,1,1681369306000.0,2130.06,0.0388,2143.47,0.0139
839,1,1681369306100.0,2130.06,0.0388,2143.45,0.0095
840,1,1681369306300.0,2130.06,0.0388,2143.45,0.0072
841,1,1681369306400.0,2130.06,0.0388,2143.44,0.0776
842,1,1681369306500.0,2130.06,0.0388,2143.43,0.0044
843,1,1681369306600.0,2130.06,0.0388,2143.42,0.0776
844,1,1681369306800.0,2130.06,0.0388,2143.41,0.009499999999999998
845,1,1681369306900.0,2130.06,0.0388,2143.39,0.0044
846,1,1681369307000.0,2130.06,0.0388,2143.39,0.008199999999999999
847,1,1681369307100.0,2130.06,0.0388,2143.38,0.0776
848,1,1681369307200.0,2130.06,0.0388,2143.38,0.0776
849,1,1681369307300.0,2130.06,0.0388,2143.37,0.0067
850,1,1681369307400.0,2130.06,0.0388,2143.37,0.0072000000000000015
851,1,1681369307500.0,2130.06,0.0388,2143.36,0.0776
852,1,1681369307600.0,2130.06,0.0388,2143.36,0.0776
853,1,1681369307700.0,2130.06,0.0388,2143.35,0.0072
854,1,1681369307800.0,2130.06,0.0388,2143.34,0.0776
855,1,1681369308000.0,2130.06,0.0388,2143.34,0.0776
856,1,1681369308100.0,2130.06,0.0388,2143.68,0.0776
857,1,1681369308700.0,2130.06,0.0388,2143.33,0.0029
858,1,1681369308900.0,2130.06,0.0388,2143.67,0.0067
859,1,1681369309000.0,2130.06,0.0388,2143.66,0.0776
860,1,1681369309200.0,2130.06,0.0388,2143.65,0.0082
861,1,1681369309300.0,2130.06,0.0388,2143.64,0.0776
862,1,1681369309400.0,2130.06,0.0388,2143.63,0.0082
863,1,1681369309600.0,2130.06,0.0388,2143.63,0.011000000000000001
864,1,1681369309700.0,2130.06,0.0388,2143.62,0.0776
865,1,1681369309800.0,2130.06,0.0388,2143.61,0.0044
866,1,1681369309900.0,2130.06,0.0388,2143.61,0.0082
867,1,1681369310000.0,2130.06,0.0388,2143.6,0.082
868,1,1681369310100.0,2130.06,0.0388,2143.6,0.082
869,1,1681369310200.0,2130.06,0.0388,2143.59,0.0072000000000000015
870,1,1681369310300.0,2130.06,0.0537,2143.58,0.0776
871,1,1681369310400.0,2130.06,0.0537,2143.57,0.0029
872,1,1681369310500.0,2130.06,0.0537,2143.57,0.0072
873,1,1681369310600.0,2130.06,0.0537,2143.56,0.0776
874,1,1681369310700.0,2130.06,0.0537,2143.56,0.0776
875,1,1681369310800.0,2130.06,0.0537,2143.54,0.0776
876,1,1681369311000.0,2130.06,0.0537,2143.53,0.0057
877,1,1681369311100.0,2130.06,0.0537,2143.53,0.010100000000000001
878,1,1681369311300.0,2130.06,0.0537,2143.52,0.0776
879,1,1681369311400.0,2130.06,0.0537,2143.52,0.0776
880,1,1681369311500.0,2130.06,0.0537,2143.51,0.0029
881,1,1681369311600.0,2130.06,0.0537,2143.51,0.0086
882,1,1681369311700.0,2130.06,0.0537,2143.51,0.0072
883,1,1681369311800.0,2130.06,0.0537,2143.51,0.005699999999999999
884,1,1681369311900.0,2130.06,0.0537,2143.51,0.0072
885,1,1681369312000.0,2130.06,0.0537,2143.5,0.0776
886,1,1681369312200.0,2130.06,0.0537,2143.49,0.0044
887,1,1681369312300.0,2130.06,0.0537,2143.49,0.005700000000000001
888,1,1681369312400.0,2130.06,0.0537,2143.49,0.0072000000000000015
889,1,1681369312600.0,2130.06,0.0537,2143.48,0.0776
890,1,1681369312700.0,2130.06,0.0537,2143.47,0.0029
891,1,1681369312800.0,2130.06,0.0537,2143.47,0.0029
892,1,1681369312900.0,2130.06,0.0537,2143.46,0.0776
893,1,1681369313000.0,2130.06,0.0537,2143.45,0.0029
894,1,1681369313100.0,2130.06,0.0537,2143.44,0.0776
895,1,1681369313300.0,2130.06,0.0537,2143.43,0.0029
896,1,1681369313400.0,2130.06,0.0537,2143.42,0.0776
897,1,1681369313600.0,2130.06,0.0537,2143.41,0.0029
898,1,1681369313700.0,2130.06,0.0537,2143.4,0.0776
899,1,1681369313800.0,2130.06,0.0537,2143.39,0.0029
900,1,1681369313900.0,2130.06,0.0537,2143.38,0.0776
901,1,1681369314000.0,2130.06,0.0537,2143.37,0.0042
902,1,1681369314100.0,2130.06,0.0537,2143.36,0.0776
903,1,1681369314200.0,2130.06,0.0537,2143.36,0.0776
904,1,1681369314300.0,2130.06,0.0537,2143.35,0.0029
905,1,1681369314400.0,2130.06,0.0537,2143.34,0.0776
906,1,1681369314700.0,2130.06,0.0537,2143.32,0.0776
907,1,1681369314800.0,2130.06,0.0537,2143.32,0.0776
908,1,1681369314900.0,2130.06,0.0537,2143.31,0.011
909,1,1681369315000.0,2130.06,0.0537,2143.3,0.0776
910,1,1681369315200.0,2130.06,0.0537,2143.29,0.0029
911,1,1681369315300.0,2130.06,0.0537,2143.28,0.0776
912,1,1681369315500.0,2130.06,0.0537,2143.26,0.0776
913,1,1681369315700.0,2130.06,0.0537,2143.25,0.0029
914,1,1681369315900.0,2130.06,0.0537,2143.24,0.0776
915,1,1681369316000.0,2130.06,0.0537,2143.23,0.0029
916,1,1681369316200.0,2130.06,0.0537,2143.23,0.0095
917,1,1681369316400.0,2130.06,0.0537,2143.22,0.0776
918,1,1681369316500.0,2130.06,0.0388,2143.22,0.0776
919,1,1681369316600.0,2130.06,0.0388,2143.22,0.0776
920,1,1681369316700.0,2130.06,0.0388,2143.22,0.0776
921,1,1681369316800.0,2130.06,0.0388,2143.22,0.0776
922,1,1681369316900.0,2130.06,0.0388,2143.21,0.0124
923,1,1681369317000.0,2130.06,0.0388,2143.2,0.0776
924,1,1681369317100.0,2130.06,0.0388,2143.19,0.0056999999999999985
925,1,1681369317200.0,2130.06,0.0388,2143.18,0.0776
926,1,1681369317300.0,2130.06,0.0388,2143.18,0.0776
927,1,1681369317400.0,2130.06,0.0388,2143.17,0.011
928,1,1681369317500.0,2130.06,0.0388,2143.16,0.0776
929,1,1681369317600.0,2130.06,0.0388,2143.15,0.0082
930,1,1681369317700.0,2130.06,0.0388,2143.14,0.0776
931,1,1681369317900.0,2130.06,0.0388,2143.13,0.0082
932,1,1681369318100.0,2130.06,0.0388,2143.12,0.0776
933,1,1681369318200.0,2130.06,0.0388,2143.11,0.0082
934,1,1681369318400.0,2130.06,0.0388,2143.1,0.0776
935,1,1681369318500.0,2130.06,0.0388,2143.09,0.0082
936,1,1681369318700.0,2130.06,0.0388,2143.09,0.005699999999999999
937,1,1681369318800.0,2130.06,0.0388,2143.08,0.0776
938,1,1681369318900.0,2130.06,0.0388,2143.08,0.0776
939,1,1681369319000.0,2130.06,0.0388,2143.07,0.0056999999999999985
940,1,1681369319100.0,2130.06,0.0388,2143.06,0.0776
941,1,1681369319200.0,2130.06,0.0388,2143.05,0.0029
942,1,1681369319300.0,2130.06,0.0388,2143.05,0.0029
943,1,1681369319400.0,2130.06,0.0388,2143.03,0.011
944,1,1681369319600.0,2130.06,0.0388,2143.02,0.0776
945,1,1681369319700.0,2130.06,0.0388,2143.02,0.0776
946,1,1681369319800.0,2130.06,0.0388,2143.01,0.0029
947,1,1681369319900.0,2130.06,0.0388,2143.0,0.0776
948,1,1681369320100.0,2130.06,0.0388,2142.99,0.0029
949,1,1681369320200.0,2130.06,0.0388,2142.99,0.011
950,1,1681369320300.0,2130.06,0.0388,2142.97,0.0029
951,1,1681369320400.0,2130.06,0.0388,2142.97,0.011
952,1,1681369320600.0,2130.06,0.0388,2142.96,0.0776
953,1,1681369320700.0,2130.06,0.0388,2142.96,0.0776
954,1,1681369320800.0,2130.06,0.0388,2142.95,0.0029
955,1,1681369320900.0,2130.06,0.0388,2142.95,0.011
956,1,1681369321000.0,2130.06,0.0388,2142.95,0.0056999999999999985
957,1,1681369321100.0,2130.06,0.0388,2142.94,0.0776
958,1,1681369321200.0,2130.06,0.0388,2142.93,0.0029
959,1,1681369321400.0,2130.06,0.0388,2142.93,0.0056999999999999985
960,1,1681369321500.0,2130.06,0.0388,2142.92,0.0776
961,1,1681369321600.0,2130.06,0.0388,2142.91,0.0029
962,1,1681369321800.0,2130.06,0.0388,2142.9,0.0776
963,1,1681369321900.0,2130.06,0.0388,2142.89,0.0029
964,1,1681369322000.0,2130.06,0.0388,2142.89,0.011
965,1,1681369322100.0,2130.06,0.0388,2142.88,0.0776
966,1,1681369322200.0,2130.06,0.0388,2142.87,0.0029
967,1,1681369322300.0,2130.06,0.0388,2142.87,0.011
968,1,1681369322400.0,2130.06,0.0388,2142.86,0.0776
969,1,1681369322500.0,2130.06,0.0388,2142.85,0.0029
970,1,1681369322600.0,2130.06,0.0388,2142.85,0.011
971,1,1681369322700.0,2130.06,0.0388,2142.84,0.0776
972,1,1681369322800.0,2130.06,0.0388,2142.83,0.0082
973,1,1681369323000.0,2130.06,0.0388,2142.83,0.0057
974,1,1681369323100.0,2130.06,0.0388,2142.81,0.0029
975,1,1681369323300.0,2130.06,0.0388,2142.8,0.0776
976,1,1681369323400.0,2130.06,0.0388,2142.79,0.0029
977,1,1681369323500.0,2130.06,0.0388,2142.79,0.011
978,1,1681369323700.0,2130.06,0.0388,2142.78,0.0776
979,1,1681369323900.0,2130.06,0.0388,2142.76,0.0776
980,1,1681369324000.0,2130.06,0.0388,2142.75,0.0082
981,1,1681369324200.0,2130.06,0.0388,2142.75,0.0057
982,1,1681369324300.0,2130.06,0.0388,2142.74,0.0776
983,1,1681369324400.0,2130.06,0.0388,2142.73,0.0029
984,1,1681369324500.0,2130.06,0.0388,2142.73,0.011
985,1,1681369324600.0,2130.06,0.0388,2142.73,0.0014999999999999996
986,1,1681369324700.0,2130.06,0.0388,2143.42,0.011
987,1,1681369324800.0,2130.06,0.0388,2143.41,0.0776
988,1,1681369324900.0,2130.06,0.0388,2143.41,0.0776
989,1,1681369325000.0,2130.06,0.0388,2143.4,0.0082
990,1,1681369325100.0,2130.06,0.0388,2143.4,0.011000000000000003
991,1,1681369325200.0,2130.06,0.0388,2143.4,0.009500000000000001
992,1,1681369325300.0,2130.06,0.0388,2143.39,0.0776
993,1,1681369325400.0,2130.06,0.0388,2143.39,0.0776
994,1,1681369325900.0,2130.06,0.0388,2143.38,0.0044
995,1,1681369326000.0,2130.06,0.0388,2143.37,0.0776
996,1,1681369326100.0,2130.06,0.0388,2143.36,0.0044
997,1,1681369326200.0,2130.06,0.0388,2143.36,0.009500000000000001
998,1,1681369326300.0,2130.06,0.0388,2143.36,0.009500000000000001
999,1,1681369326400.0,2130.06,0.0388,2143.35,0.0776
1000,1,1681369326500.0,2130.06,0.0388,2143.34,0.0044
1001,1,1681369326600.0,2130.06,0.0388,2143.33,0.0776
1002,1,1681369326700.0,2130.06,0.0388,2143.33,0.0776
1003,1,1681369326800.0,2130.06,0.0388,2143.32,0.0139
1004,1,1681369326900.0,2130.06,0.0388,2143.31,0.0776
1005,1,1681369327000.0,2130.06,0.0388,2143.31,0.0776
1006,1,1681369327100.0,2130.06,0.0388,2143.3,0.0067
1007,1,1681369327200.0,2130.06,0.0388,2143.3,0.0072000000000000015
1008,1,1681369327300.0,2130.06,0.0388,2143.29,0.0776
1009,1,1681369327400.0,2130.06,0.0388,2143.29,0.0776
1010,1,1681369327500.0,2130.06,0.0388,2143.27,0.0776
1011,1,1681369327600.0,2130.06,0.0388,2143.26,0.0044
1012,1,1681369327700.0,2130.06,0.0388,2143.26,0.009499999999999998
1013,1,1681369327800.0,2130.06,0.0388,2143.26,0.007199999999999999
1014,1,1681369327900.0,2130.06,0.0388,2143.25,0.0776
1015,1,1681369328100.0,2130.06,0.0388,2143.24,0.0044
1016,1,1681369328300.0,2130.06,0.0388,2143.23,0.0776
1017,1,1681369328400.0,2130.06,0.0388,2143.22,0.0044
1018,1,1681369328500.0,2130.06,0.0388,2143.22,0.009499999999999998
1019,1,1681369328600.0,2130.06,0.0388,2143.21,0.0776
1020,1,1681369328700.0,2130.06,0.0388,2143.2,0.006699999999999999
1021,1,1681369328900.0,2130.06,0.0388,2143.19,0.0776
1022,1,1681369329100.0,2130.06,0.0388,2143.18,0.007199999999999999
1023,1,1681369329200.0,2130.06,0.0388,2143.17,0.0776
1024,1,1681369329400.0,2130.06,0.0388,2143.16,0.0044
1025,1,1681369329600.0,2130.06,0.0388,2143.15,0.0776
1026,1,1681369329700.0,2130.06,0.0388,2143.15,0.0776
1027,1,1681369329800.0,2130.06,0.0388,2143.14,0.007200000000000001
1028,1,1681369329900.0,2130.06,0.0388,2143.14,0.013900000000000001
1029,1,1681369330000.0,2130.06,0.0388,2143.13,0.0776
1030,1,1681369330100.0,2130.06,0.0388,2143.13,0.0776
1031,1,1681369330200.0,2130.06,0.0388,2143.12,0.0067
1032,1,1681369330300.0,2130.06,0.0388,2143.12,0.0072000000000000015
1033,1,1681369330400.0,2130.06,0.0388,2143.12,0.009500000000000001
1034,1,1681369330600.0,2130.06,0.0388,2143.12,0.007200000000000002
1035,1,1681369330700.0,2130.06,0.0388,2143.1,0.0776
1036,1,1681369330800.0,2130.06,0.0388,2143.09,0.0067
1037,1,1681369330900.0,2130.06,0.0388,2143.09,0.0067
1038,1,1681369331000.0,2130.06,0.0388,2143.09,0.0072
1039,1,1681369331100.0,2130.06,0.0388,2143.08,0.0776
1040,1,1681369331200.0,2130.06,0.0388,2143.07,0.0013
1041,1,1681369331300.0,2130.06,0.0388,2143.07,0.0072
1042,1,1681369331500.0,2130.06,0.0388,2143.06,0.0776
1043,1,1681369331600.0,2130.06,0.0388,2143.06,0.0776
1044,1,1681369331700.0,2130.06,0.0388,2143.05,0.0072
1045,1,1681369331800.0,2130.06,0.0388,2143.04,0.0776
1046,1,1681369331900.0,2130.06,0.0388,2143.03,0.0044
1047,1,1681369332000.0,2130.06,0.0388,2143.02,0.0776
1048,1,1681369332100.0,2130.06,0.0388,2143.02,0.0776
1049,1,1681369332200.0,2130.06,0.0388,2143.01,0.0073
1050,1,1681369332400.0,2130.06,0.0388,2143.01,0.006599999999999998
1051,1,1681369332500.0,2130.06,0.0388,2142.99,0.0073
1052,1,1681369332600.0,2130.06,0.0388,2142.99,0.0111
1053,1,1681369332700.0,2130.06,0.0388,2142.98,0.0776
1054,1,1681369333100.0,2130.06,0.0388,2142.97,0.0038
1055,1,1681369333200.0,2130.06,0.0388,2142.96,0.0776
1056,1,1681369333300.0,2130.06,0.0388,2142.95,0.0101
1057,1,1681369333500.0,2130.06,0.0388,2142.94,0.0776
1058,1,1681369334000.0,2130.06,0.0388,2142.93,0.0073
1059,1,1681369334100.0,2130.06,0.0388,2142.92,0.0776
1060,1,1681369334700.0,2130.06,0.0388,2142.92,0.0776
1061,1,1681369334800.0,2130.06,0.0388,2142.91,0.0073
1062,1,1681369334900.0,2130.06,0.0388,2142.91,0.0044
1063,1,1681369335000.0,2130.06,0.0388,2143.4,0.0139
1064,1,1681369335100.0,2130.06,0.0388,2143.39,0.0776
1065,1,1681369335200.0,2130.06,0.0388,2143.38,0.0111
1066,1,1681369335300.0,2130.06,0.0388,2143.37,0.0776
1067,1,1681369335400.0,2130.06,0.0388,2143.36,0.0028
1068,1,1681369335600.0,2130.06,0.0388,2143.36,0.0028000000000000004
1069,1,1681369335700.0,2130.06,0.0388,2143.36,0.013900000000000001
1070,1,1681369335800.0,2130.06,0.0388,2143.35,0.0776
1071,1,1681369335900.0,2130.06,0.0388,2143.35,0.0776
1072,1,1681369336000.0,2130.06,0.0388,2143.34,0.0056999999999999985
1073,1,1681369336100.0,2130.06,0.0388,2143.33,0.0776
1074,1,1681369336200.0,2130.06,0.0388,2143.33,0.0776
1075,1,1681369336300.0,2130.06,0.0388,2143.41,0.0776
1076,1,1681369336400.0,2130.06,0.0388,2143.4,0.0139
1077,1,1681369336500.0,2130.06,0.0388,2143.39,0.0776
1078,1,1681369336600.0,2130.06,0.0388,2143.39,0.0776
1079,1,1681369336700.0,2130.06,0.0388,2143.38,0.0111
1080,1,1681369336800.0,2130.06,0.0388,2143.38,0.0028000000000000004
1081,1,1681369336900.0,2130.06,0.0388,2143.37,0.0776
1082,1,1681369337000.0,2130.06,0.0388,2143.37,0.0776
1083,1,1681369337100.0,2130.06,0.0388,2143.37,0.0776
1084,1,1681369337200.0,2130.06,0.0388,2143.36,0.0139
1085,1,1681369337300.0,2130.06,0.0388,2143.35,0.0776
1086,1,1681369337400.0,2130.06,0.0388,2143.34,0.0111
1087,1,1681369337500.0,2130.06,0.0388,2143.33,0.0791
1088,1,1681369337600.0,2130.06,0.0388,2143.33,0.0791
1089,1,1681369337700.0,2130.06,0.0388,2143.31,0.0776
1090,1,1681369337800.0,2130.06,0.0388,2143.31,0.0776
1091,1,1681369337900.0,2130.06,0.0388,2143.3,0.013900000000000001
1092,1,1681369338000.0,2130.06,0.0388,2143.3,0.009500000000000001
1093,1,1681369338100.0,2130.06,0.0388,2143.3,0.013900000000000003
1094,1,1681369338200.0,2130.06,0.0388,2143.3,0.002800000000000002
1095,1,1681369338300.0,2130.06,0.0388,2143.29,0.0776
1096,1,1681369338400.0,2130.06,0.0388,2143.28,0.0111
1097,1,1681369338600.0,2130.06,0.0388,2143.28,0.0028000000000000004
1098,1,1681369338700.0,2130.06,0.0388,2143.28,0.013900000000000001
1099,1,1681369338800.0,2130.06,0.0388,2143.28,0.0028000000000000004
1100,1,1681369338900.0,2130.06,0.0388,2143.27,0.0776
1101,1,1681369339100.0,2130.06,0.0388,2143.27,0.0776
1102,1,1681369339200.0,2130.06,0.0388,2143.41,0.0776
1103,1,1681369339300.0,2130.06,0.0388,2143.26,0.0139
1104,1,1681369339400.0,2130.06,0.0388,2143.25,0.0776
1105,1,1681369339500.0,2130.06,0.0388,2143.24,0.011
1106,1,1681369339600.0,2130.06,0.0388,2143.24,0.0027999999999999987
1107,1,1681369339700.0,2130.06,0.0388,2143.22,0.011099999999999999
1108,1,1681369339900.0,2130.06,0.0388,2143.21,0.0776
1109,1,1681369340000.0,2130.06,0.0388,2143.2,0.0111
1110,1,1681369340100.0,2130.06,0.0388,2143.2,0.0027999999999999995
1111,1,1681369340200.0,2130.06,0.0388,2143.19,0.0776
1112,1,1681369340300.0,2130.06,0.0388,2143.19,0.0776
1113,1,1681369340400.0,2130.06,0.0388,2143.19,0.0776
1114,1,1681369340500.0,2130.06,0.0388,2143.18,0.0095
1115,1,1681369340600.0,2130.06,0.0388,2143.18,0.0139
1116,1,1681369340700.0,2130.06,0.0388,2143.41,0.0776
1117,1,1681369340900.0,2130.06,0.0388,2143.39,0.0776
1118,1,1681369341100.0,2130.06,0.0388,2143.38,0.0111
1119,1,1681369341200.0,2130.06,0.0388,2143.38,0.010100000000000001
1120,1,1681369341300.0,2130.06,0.0388,2143.38,0.0028000000000000013
1121,1,1681369341400.0,2130.06,0.0388,2143.37,0.0776
1122,1,1681369341500.0,2130.06,0.0388,2143.37,0.0776
1123,1,1681369341600.0,2130.06,0.0388,2143.36,0.0139
1124,1,1681369341700.0,2130.06,0.0388,2143.36,0.0139
1125,1,1681369341800.0,2130.06,0.0388,2143.41,0.0776
1126,1,1681369341900.0,2130.06,0.0388,2143.4,0.0139
1127,1,1681369342000.0,2130.06,0.0388,2143.4,0.0027999999999999987
1128,1,1681369342100.0,2130.06,0.0388,2143.39,0.0776
1129,1,1681369342200.0,2130.06,0.0388,2143.39,0.0776
1130,1,1681369342400.0,2130.06,0.0388,2143.38,0.0139
1131,1,1681369342500.0,2130.06,0.0388,2143.37,0.0776
1132,1,1681369342600.0,2130.06,0.0388,2143.37,0.0776
1133,1,1681369342700.0,2130.06,0.0388,2143.36,0.0111
1134,1,1681369342800.0,2130.06,0.0388,2143.35,0.0776
1135,1,1681369342900.0,2130.06,0.0388,2143.35,0.0887
1136,1,1681369343500.0,2130.06,0.0388,2143.34,0.0015
1137,1,1681369343600.0,2130.06,0.0388,2143.33,0.0776
1138,1,1681369343700.0,2130.06,0.0388,2143.33,0.0776
1139,1,1681369343800.0,2130.06,0.0388,2143.32,0.0057
1140,1,1681369343900.0,2130.06,0.0388,2143.32,0.0028000000000000004
1141,1,1681369344000.0,2130.06,0.0388,2143.31,0.0776
1142,1,1681369344100.0,2130.06,0.0388,2143.31,0.0776
1143,1,1681369344200.0,2130.06,0.0388,2143.3,0.0057
1144,1,1681369344400.0,2130.06,0.0388,2143.29,0.0776
1145,1,1681369344500.0,2130.06,0.0388,2143.28,0.0073
1146,1,1681369344600.0,2130.06,0.0388,2143.28,0.0088
1147,1,1681369344700.0,2130.06,0.0388,2143.27,0.0776
1148,1,1681369344800.0,2130.06,0.0388,2143.27,0.0776
1149,1,1681369344900.0,2130.06,0.0388,2143.25,0.0776
1150,1,1681369345000.0,2130.06,0.0388,2143.24,0.0038
1151,1,1681369345100.0,2130.06,0.0388,2143.24,0.0139
1152,1,1681369345200.0,2130.06,0.0388,2143.23,0.0776
1153,1,1681369345300.0,2130.06,0.0388,2143.23,0.0776
1154,1,1681369345400.0,2130.06,0.0388,2143.22,0.0073
1155,1,1681369345600.0,2130.06,0.0388,2143.22,0.006599999999999999
1156,1,1681369345700.0,2130.06,0.0388,2143.21,0.0776
1157,1,1681369345800.0,2130.06,0.0388,2143.21,0.0776
1158,1,1681369345900.0,2130.06,0.0388,2143.2,0.0095
1159,1,1681369346000.0,2130.06,0.0388,2143.19,0.0776
1160,1,1681369346100.0,2130.06,0.0388,2143.18,0.006699999999999999
1161,1,1681369346200.0,2130.06,0.0388,2143.18,0.0066
1162,1,1681369346300.0,2130.06,0.0388,2143.17,0.0776
1163,1,1681369346400.0,2130.06,0.0388,2143.16,0.006699999999999999
1164,1,1681369346600.0,2130.06,0.0388,2143.15,0.0776
1165,1,1681369346700.0,2130.06,0.0388,2143.14,0.0111
1166,1,1681369346800.0,2130.06,0.0388,2143.14,0.0028000000000000004
1167,1,1681369346900.0,2130.06,0.0388,2143.13,0.0776
1168,1,1681369347000.0,2130.06,0.0388,2143.13,0.0776
1169,1,1681369347100.0,2130.06,0.0388,2143.12,0.0139
1170,1,1681369347200.0,2130.06,0.0388,2143.11,0.0776
1171,1,1681369347300.0,2130.06,0.0388,2143.11,0.0776
1172,1,1681369347400.0,2130.06,0.0388,2143.1,0.0111
1173,1,1681369347500.0,2130.06,0.0388,2143.09,0.0776
1174,1,1681369347600.0,2130.06,0.0388,2143.09,0.0776
1175,1,1681369347700.0,2130.06,0.0388,2143.08,0.0014999999999999996
1176,1,1681369347800.0,2130.06,0.0388,2143.08,0.0027999999999999995
1177,1,1681369347900.0,2130.06,0.0388,2143.08,0.007199999999999999
1178,1,1681369348000.0,2130.06,0.0388,2143.07,0.0776
1179,1,1681369348100.0,2130.06,0.0388,2143.07,0.0776
1180,1,1681369348200.0,2130.06,0.0388,2143.07,0.0776
1181,1,1681369348300.0,2130.06,0.0388,2143.06,0.0139
1182,1,1681369348400.0,2130.06,0.0388,2143.06,0.001299999999999999
1183,1,1681369348500.0,2130.06,0.0388,2143.05,0.0776
1184,1,1681369348600.0,2130.06,0.0388,2143.05,0.0776
1185,1,1681369348700.0,2130.06,0.0388,2143.41,0.0776
1186,1,1681369348800.0,2130.06,0.0388,2143.41,0.0776
1187,1,1681369348900.0,2130.06,0.0388,2143.4,0.0139
1188,1,1681369349100.0,2130.06,0.0388,2143.39,0.0776
1189,1,1681369349200.0,2130.06,0.0388,2143.38,0.0111
1190,1,1681369349400.0,2130.06,0.0388,2143.36,0.0028
1191,1,1681369349500.0,2130.06,0.0388,2143.36,0.013900000000000001
1192,1,1681369349600.0,2130.06,0.0388,2143.35,0.0776
1193,1,1681369349700.0,2130.06,0.0388,2143.34,0.0073
1194,1,1681369349800.0,2130.06,0.0388,2143.34,0.0028
1195,1,1681369349900.0,2130.06,0.0388,2143.33,0.0776
1196,1,1681369350000.0,2130.06,0.0388,2143.33,0.0776
1197,1,1681369350100.0,2130.06,0.0388,2143.33,0.0776
1198,1,1681369350200.0,2130.06,0.0388,2143.31,0.0776
1199,1,1681369350300.0,2130.06,0.0388,2143.31,0.0776
1200,1,1681369350400.0,2130.06,0.0388,2143.3,0.0111
1201,1,1681369350500.0,2130.06,0.0388,2143.3,0.0028000000000000004
1202,1,1681369350600.0,2130.06,0.0388,2143.29,0.0776
1203,1,1681369350800.0,2130.06,0.0388,2143.29,0.0776
1204,1,1681369350900.0,2130.06,0.0388,2143.28,0.0139
1205,1,1681369351000.0,2130.06,0.0388,2143.41,0.0776
1206,1,1681369351100.0,2130.06,0.0388,2143.4,0.0139
1207,1,1681369351200.0,2130.06,0.0388,2143.4,0.0027999999999999987
1208,1,1681369351300.0,2130.06,0.0388,2143.39,0.0776
1209,1,1681369351400.0,2130.06,0.0388,2143.38,0.0111
1210,1,1681369351500.0,2130.06,0.0388,2143.37,0.0776
1211,1,1681369351700.0,2130.06,0.0388,2143.36,0.0028
1212,1,1681369351800.0,2130.06,0.0388,2143.36,0.0028
1213,1,1681369351900.0,2130.06,0.0388,2143.35,0.0776
1214,1,1681369352200.0,2130.06,0.0388,2143.34,0.0139
1215,1,1681369352300.0,2130.06,0.0388,2143.34,0.0139
1216,1,1681369352900.0,2130.06,0.0388,2143.41,0.0776
1217,1,1681369353100.0,2130.06,0.0388,2143.4,0.0139
1218,1,1681369353200.0,2130.06,0.0388,2143.39,0.0776
1219,1,1681369353300.0,2130.06,0.0388,2143.39,0.0776
1220,1,1681369353400.0,2130.06,0.0388,2143.38,0.0139
1221,1,1681369353500.0,2130.06,0.0388,2143.38,0.0139
1222,1,1681369353600.0,2130.06,0.0388,2143.38,0.0027999999999999987
1223,1,1681369353700.0,2130.06,0.0388,2143.4,0.007199999999999999
1224,1,1681369353800.0,2130.06,0.0388,2143.39,0.0776
1225,1,1681369353900.0,2130.06,0.0388,2143.39,0.0776
1226,1,1681369354000.0,2130.06,0.0388,2143.39,0.0776
1227,1,1681369354100.0,2130.06,0.0388,2143.38,0.0139
1228,1,1681369354300.0,2130.06,0.0388,2143.41,0.0776
1229,1,1681369354400.0,2130.06,0.0388,2143.37,0.0776
1230,1,1681369354500.0,2130.06,0.0388,2143.36,0.0139
1231,1,1681369354600.0,2130.06,0.0388,2143.36,0.0027999999999999987
1232,1,1681369354700.0,2130.06,0.0388,2143.35,0.0776
1233,1,1681369354800.0,2130.06,0.0388,2143.35,0.0776
1234,1,1681369354900.0,2130.06,0.0388,2143.34,0.0073
1235,1,1681369355000.0,2130.06,0.0388,2143.33,0.0776
1236,1,1681369355100.0,2130.06,0.0388,2143.32,0.0029
1237,1,1681369355300.0,2130.06,0.0388,2143.31,0.0776
1238,1,1681369355400.0,2130.06,0.0388,2143.3,0.0029
1239,1,1681369355500.0,2130.06,0.0388,2143.29,0.0776
1240,1,1681369355600.0,2130.06,0.0388,2143.29,0.0776
1241,1,1681369355700.0,2130.06,0.0388,2143.28,0.0044
1242,1,1681369355800.0,2130.06,0.0388,2143.27,0.0776
1243,1,1681369355900.0,2130.06,0.0388,2143.26,0.0044
1244,1,1681369356000.0,2130.06,0.0388,2143.26,0.0056999999999999985
1245,1,1681369356100.0,2130.06,0.0388,2143.26,0.010999999999999998
1246,1,1681369356200.0,2130.06,0.0388,2143.26,0.005699999999999997
1247,1,1681369356400.0,2130.06,0.0388,2143.26,0.010999999999999998
1248,1,1681369356500.0,2130.06,0.0388,2143.26,0.005699999999999998
1249,1,1681369356600.0,2130.06,0.0388,2143.24,0.0082
1250,1,1681369356800.0,2130.06,0.0388,2143.24,0.0057
1251,1,1681369356900.0,2130.06,0.0388,2143.24,0.011000000000000001
1252,1,1681369357000.0,2130.06,0.0388,2143.23,0.0776
1253,1,1681369357100.0,2130.06,0.0388,2143.23,0.0776
1254,1,1681369357200.0,2130.06,0.0388,2143.22,0.0029
1255,1,1681369357300.0,2130.06,0.0388,2143.21,0.0776
1256,1,1681369357400.0,2130.06,0.0388,2143.2,0.0082
1257,1,1681369357500.0,2130.06,0.0388,2143.2,0.0082
1258,1,1681369357600.0,2130.06,0.0388,2143.19,0.0776
1259,1,1681369357700.0,2130.06,0.0388,2143.18,0.0029
1260,1,1681369357800.0,2130.06,0.0388,2143.18,0.0029
1261,1,1681369357900.0,2130.06,0.0388,2143.16,0.011
1262,1,1681369358100.0,2130.06,0.0388,2143.15,0.0776
1263,1,1681369358300.0,2130.06,0.0388,2143.14,0.0029
1264,1,1681369358400.0,2130.06,0.0388,2143.12,0.0029
1265,1,1681369358500.0,2130.06,0.0388,2143.12,0.011
1266,1,1681369358600.0,2130.06,0.0388,2143.11,0.0776
1267,1,1681369358700.0,2130.06,0.0388,2143.1,0.0082
1268,1,1681369358800.0,2130.06,0.0388,2143.1,0.0057
1269,1,1681369358900.0,2130.06,0.0388,2143.09,0.0776
1270,1,1681369359000.0,2130.06,0.0388,2143.08,0.0029
1271,1,1681369359100.0,2130.06,0.0388,2143.08,0.0139
1272,1,1681369359200.0,2130.06,0.0388,2143.08,0.011
1273,1,1681369359300.0,2130.06,0.0388,2143.07,0.0776
1274,1,1681369359400.0,2130.06,0.0388,2143.06,0.0082
1275,1,1681369359500.0,2130.06,0.0388,2143.06,0.0057
1276,1,1681369359600.0,2130.06,0.0388,2143.05,0.0776
1277,1,1681369359800.0,2130.06,0.0388,2143.04,0.0029
1278,1,1681369359900.0,2130.06,0.0388,2143.02,0.0029
1279,1,1681369360000.0,2130.06,0.0388,2143.02,0.0057
1280,1,1681369360100.0,2130.06,0.0388,2143.01,0.0776
1281,1,1681369360300.0,2130.06,0.0388,2142.99,0.0776
1282,1,1681369360400.0,2130.06,0.0388,2142.98,0.0057
1283,1,1681369360600.0,2130.06,0.0388,2142.98,0.007200000000000001
1284,1,1681369360700.0,2130.06,0.0388,2142.97,0.0776
1285,1,1681369360800.0,2130.06,0.0388,2142.97,0.0776
1286,1,1681369360900.0,2130.06,0.0388,2142.96,0.0082
1287,1,1681369361000.0,2130.06,0.0388,2142.95,0.0776
1288,1,1681369361100.0,2130.06,0.0388,2142.94,0.0082
1289,1,1681369361300.0,2130.06,0.0388,2142.93,0.0776
1290,1,1681369361400.0,2130.06,0.0388,2142.93,0.0776
1291,1,1681369361500.0,2130.06,0.0388,2142.92,0.0029
1292,1,1681369361600.0,2130.06,0.0388,2142.92,0.011
1293,1,1681369361700.0,2130.06,0.0388,2142.91,0.0776
1294,1,1681369361800.0,2130.06,0.0388,2142.9,0.0082
1295,1,1681369361900.0,2130.06,0.0388,2142.9,0.009500000000000001
1296,1,1681369362000.0,2130.06,0.0388,2142.89,0.0776
1297,1,1681369362100.0,2130.06,0.0388,2142.88,0.0044
1298,1,1681369362300.0,2130.06,0.0388,2142.87,0.0776
1299,1,1681369362400.0,2130.06,0.0388,2142.87,0.0776
1300,1,1681369362500.0,2130.06,0.0388,2142.86,0.0067
1301,1,1681369362600.0,2130.06,0.0388,2142.85,0.0776
1302,1,1681369363100.0,2130.06,0.0388,2142.84,0.0015
1303,1,1681369363300.0,2130.06,0.0388,2142.83,0.0776
1304,1,1681369363400.0,2130.06,0.0388,2142.82,0.0057
1305,1,1681369363500.0,2130.06,0.0388,2142.81,0.0776
1306,1,1681369363600.0,2130.06,0.0388,2142.8,0.0044
1307,1,1681369363700.0,2130.06,0.0388,2142.79,0.0776
1308,1,1681369363800.0,2130.06,0.0388,2142.78,0.0044
1309,1,1681369364000.0,2130.06,0.0388,2142.77,0.0776
1310,1,1681369364100.0,2130.06,0.0388,2142.76,0.0044
1311,1,1681369364200.0,2130.06,0.0388,2142.76,0.009500000000000001
1312,1,1681369364300.0,2130.06,0.0388,2142.75,0.0776
1313,1,1681369364400.0,2130.06,0.0388,2142.74,0.0044
1314,1,1681369364500.0,2130.06,0.0388,2142.74,0.009499999999999998
1315,1,1681369364600.0,2130.06,0.0388,2142.73,0.0776
1316,1,1681369364700.0,2130.06,0.0388,2142.73,0.0776
1317,1,1681369364800.0,2130.06,0.0388,2142.72,0.007199999999999999
1318,1,1681369364900.0,2130.06,0.0388,2142.71,0.0776
1319,1,1681369365100.0,2130.06,0.0388,2142.7,0.0044
1320,1,1681369365200.0,2130.06,0.0388,2142.69,0.0776
1321,1,1681369365300.0,2130.06,0.0388,2142.69,0.0776
1322,1,1681369365400.0,2130.06,0.0388,2142.68,0.0044
1323,1,1681369365500.0,2130.06,0.0388,2142.67,0.0776
1324,1,1681369365600.0,2130.06,0.0388,2142.66,0.0044
1325,1,1681369365700.0,2130.06,0.0388,2142.66,0.0095
1326,1,1681369365900.0,2130.06,0.0388,2142.66,0.006599999999999999
1327,1,1681369366000.0,2130.06,0.0388,2142.66,0.007199999999999999
1328,1,1681369366200.0,2130.06,0.0388,2142.66,0.0139
1329,1,1681369366300.0,2130.06,0.0388,2142.65,0.0776
1330,1,1681369366400.0,2130.06,0.0388,2142.64,0.0139
1331,1,1681369366600.0,2130.06,0.0388,2142.64,0.0139
1332,1,1681369366700.0,2130.06,0.0388,2142.64,0.0027999999999999987
1333,1,1681369366800.0,2130.06,0.0388,2142.62,0.0111
1334,1,1681369366900.0,2130.06,0.0388,2142.62,0.0028000000000000004
1335,1,1681369367000.0,2130.06,0.0388,2142.62,0.013900000000000001
1336,1,1681369367100.0,2130.06,0.0388,2142.62,0.013900000000000001
1337,1,1681369367200.0,2130.06,0.0388,2142.62,0.013900000000000001
1338,1,1681369367300.0,2130.06,0.0388,2143.39,0.0776
1339,1,1681369367400.0,2130.06,0.0388,2143.38,0.011
1340,1,1681369367500.0,2130.06,0.0388,2143.37,0.0776
1341,1,1681369367700.0,2130.06,0.0388,2143.36,0.0082
1342,1,1681369367800.0,2130.06,0.0388,2143.36,0.0057
1343,1,1681369368000.0,2130.06,0.0388,2143.35,0.0776
1344,1,1681369368100.0,2130.06,0.0388,2143.35,0.0776
1345,1,1681369368200.0,2130.06,0.0388,2143.34,0.0044
1346,1,1681369368300.0,2130.06,0.0388,2143.33,0.0776
1347,1,1681369368400.0,2130.06,0.0388,2143.33,0.0776
1348,1,1681369368500.0,2130.06,0.0388,2143.32,0.0029
1349,1,1681369368600.0,2130.06,0.0388,2143.32,0.0072
1350,1,1681369368700.0,2130.06,0.0388,2143.31,0.0776
1351,1,1681369368800.0,2130.06,0.0388,2143.3,0.0029
1352,1,1681369368900.0,2130.06,0.0388,2143.3,0.0101
1353,1,1681369369000.0,2130.06,0.0388,2143.29,0.0776
1354,1,1681369369100.0,2130.06,0.0388,2143.28,0.0059
1355,1,1681369369300.0,2130.06,0.0388,2143.27,0.0776
1356,1,1681369369400.0,2130.06,0.0388,2143.26,0.0044
1357,1,1681369369500.0,2130.06,0.0388,2143.25,0.0776
1358,1,1681369369600.0,2130.06,0.0388,2143.24,0.0044
1359,1,1681369369800.0,2130.06,0.0388,2143.22,0.0044
1360,1,1681369369900.0,2130.06,0.0388,2143.22,0.0044
1361,1,1681369370000.0,2130.06,0.0388,2143.21,0.0776
1362,1,1681369370100.0,2130.06,0.0388,2143.21,0.0776
1363,1,1681369370200.0,2130.06,0.0388,2143.2,0.0066
1364,1,1681369370300.0,2130.06,0.0388,2143.19,0.0776
1365,1,1681369370400.0,2130.06,0.0388,2143.19,0.0776
1366,1,1681369370500.0,2130.06,0.0388,2143.18,0.011
1367,1,1681369370600.0,2130.06,0.0388,2143.17,0.0776
1368,1,1681369370700.0,2130.06,0.0388,2143.16,0.0082
1369,1,1681369370800.0,2130.06,0.0388,2143.16,0.0053
1370,1,1681369370900.0,2130.06,0.0388,2143.16,0.011
1371,1,1681369371000.0,2130.06,0.0388,2143.15,0.0776
1372,1,1681369371100.0,2130.06,0.0388,2143.14,0.0111
1373,1,1681369371300.0,2130.06,0.0388,2143.13,0.0776
1374,1,1681369371400.0,2130.06,0.0388,2143.12,0.0111
1375,1,1681369371600.0,2130.06,0.0388,2143.11,0.0776
1376,1,1681369371700.0,2130.06,0.0388,2143.11,0.0776
1377,1,1681369372100.0,2130.06,0.0388,2143.09,0.0776
1378,1,1681369372300.0,2130.06,0.0388,2143.09,0.0776
1379,1,1681369372400.0,2130.06,0.0388,2143.39,0.0776
1380,1,1681369372600.0,2130.06,0.0388,2143.39,0.0776
1381,1,1681369372700.0,2130.06,0.0388,2145.23,0.0776
1382,1,1681369372900.0,2130.06,0.0388,2143.38,0.0057
1383,1,1681369373000.0,2130.06,0.0388,2143.38,0.0086
1384,1,1681369373100.0,2130.06,0.0388,2143.37,0.0776
1385,1,1681369373200.0,2130.06,0.0388,2143.37,0.0776
1386,1,1681369373300.0,2130.06,0.0388,2143.36,0.012400000000000001
1387,1,1681369373400.0,2130.06,0.0388,2145.2,0.0015
1388,1,1681369373600.0,2130.06,0.0388,2145.19,0.0776
1389,1,1681369373700.0,2130.06,0.0388,2145.18,0.0111
1390,1,1681369373900.0,2130.06,0.0388,2145.17,0.0776
1391,1,1681369374100.0,2130.06,0.0388,2145.16,0.0111
1392,1,1681369374200.0,2130.06,0.0388,2145.15,0.0776
1393,1,1681369374300.0,2130.06,0.0388,2145.14,0.0028
1394,1,1681369374400.0,2130.06,0.0388,2145.14,0.013900000000000001
1395,1,1681369374500.0,2130.06,0.0388,2145.13,0.0776
1396,1,1681369374700.0,2130.06,0.0388,2145.11,0.0776
1397,1,1681369374900.0,2130.06,0.0388,2145.1,0.0028
1398,1,1681369375000.0,2130.06,0.0388,2145.09,0.0776
1399,1,1681369375100.0,2130.06,0.0388,2145.09,0.0776
1400,1,1681369375200.0,2130.06,0.0388,2145.08,0.0139
1401,1,1681369375400.0,2130.06,0.0388,2145.08,0.0027999999999999987
1402,1,1681369375500.0,2130.06,0.0388,2145.08,0.0124
1403,1,1681369375600.0,2130.06,0.0388,2145.07,0.0776
1404,1,1681369375700.0,2130.06,0.0388,2145.07,0.0776
1405,1,1681369375800.0,2130.06,0.0388,2145.06,0.0139
1406,1,1681369376000.0,2130.06,0.0388,2145.22,0.0139
1407,1,1681369376100.0,2130.06,0.0388,2145.22,0.009499999999999998
1408,1,1681369376200.0,2130.06,0.0388,2145.21,0.0776
1409,1,1681369376400.0,2130.06,0.0388,2145.21,0.0776
1410,1,1681369376500.0,2130.06,0.0388,2145.23,0.0776
1411,1,1681369376600.0,2130.06,0.0388,2145.2,0.0139
1412,1,1681369376700.0,2130.06,0.0537,2145.23,0.0776
1413,1,1681369376800.0,2130.06,0.0537,2145.19,0.0139
1414,1,1681369376900.0,2130.07,0.0257,2145.18,0.0915
1415,1,1681369377100.0,2130.07,0.0257,2145.17,0.0124
1416,1,1681369377200.0,2130.06,0.0537,2145.16,0.0776
1417,1,1681369377300.0,2130.06,0.0537,2145.16,0.0776
1418,1,1681369377400.0,2130.06,0.0537,2145.15,0.0111
1419,1,1681369377500.0,2130.06,0.0537,2145.16,0.0776
1420,1,1681369377600.0,2130.06,0.0537,2145.14,0.0776
1421,1,1681369377700.0,2130.06,0.0537,2145.14,0.0776
1422,1,1681369377800.0,2130.06,0.0537,2145.14,0.0776
1423,1,1681369377900.0,2130.06,0.0537,2145.13,0.0124
1424,1,1681369378000.0,2130.06,0.0537,2145.18,0.0776
1425,1,1681369378100.0,2130.06,0.0537,2145.17,0.0044
1426,1,1681369378300.0,2130.06,0.0537,2145.16,0.0776
1427,1,1681369378400.0,2130.06,0.0537,2145.15,0.0029
1428,1,1681369378500.0,2130.06,0.0537,2145.14,0.0776
1429,1,1681369378600.0,2130.06,0.0537,2145.14,0.0776
1430,1,1681369378700.0,2130.07,0.0401,2145.13,0.0029
1431,1,1681369378800.0,2130.07,0.0401,2145.13,0.0014999999999999996
1432,1,1681369378900.0,2130.07,0.0401,2145.12,0.0776
1433,1,1681369379000.0,2130.07,0.0401,2145.12,0.0776
1434,1,1681369379100.0,2130.07,0.0401,2145.1,0.0776
1435,1,1681369379200.0,2130.07,0.0401,2145.09,0.0082
1436,1,1681369379300.0,2130.07,0.0401,2145.09,0.0082
1437,1,1681369379400.0,2130.07,0.0401,2145.09,0.0057
1438,1,1681369379600.0,2130.07,0.0401,2145.08,0.0776
1439,1,1681369379700.0,2130.07,0.0401,2145.07,0.011
1440,1,1681369379800.0,2130.07,0.0401,2145.07,0.0056999999999999985
1441,1,1681369379900.0,2130.07,0.0401,2145.06,0.0776
1442,1,1681369380000.0,2130.07,0.0401,2145.06,0.0776
1443,1,1681369380100.0,2130.07,0.0401,2145.05,0.0029
1444,1,1681369380200.0,2130.07,0.0401,2145.04,0.0776
1445,1,1681369380300.0,2130.07,0.0401,2145.04,0.0776
1446,1,1681369380400.0,2130.07,0.0401,2145.03,0.0082
1447,1,1681369380500.0,2130.07,0.0401,2145.02,0.0776
1448,1,1681369380600.0,2130.07,0.0401,2145.02,0.0776
1449,1,1681369380700.0,2130.07,0.0401,2145.01,0.0082
1450,1,1681369380800.0,2130.07,0.0401,2145.01,0.0057
1451,1,1681369380900.0,2130.07,0.0401,2145.0,0.0776
1452,1,1681369381000.0,2130.07,0.0401,2144.99,0.0029
1453,1,1681369381200.0,2130.07,0.0401,2144.99,0.008
1454,1,1681369381300.0,2130.07,0.0401,2144.98,0.0776
1455,1,1681369381400.0,2130.07,0.0401,2144.97,0.0082
1456,1,1681369381500.0,2130.07,0.0401,2144.97,0.0095
1457,1,1681369381600.0,2130.07,0.0401,2144.96,0.0776
1458,1,1681369381700.0,2130.07,0.0401,2144.96,0.0776
1459,1,1681369381800.0,2130.07,0.0401,2144.95,0.004200000000000001
1460,1,1681369381900.0,2130.07,0.0401,2144.94,0.0776
1461,1,1681369382000.0,2130.07,0.0401,2144.94,0.0776
1462,1,1681369382100.0,2130.07,0.0401,2144.93,0.004399999999999999
1463,1,1681369382300.0,2130.07,0.0401,2144.92,0.0776
1464,1,1681369382900.0,2130.06,0.0537,2144.9,0.0776
1465,1,1681369383000.0,2130.06,0.0537,2144.89,0.0066
1466,1,1681369383100.0,2130.07,0.0327,2144.88,0.0776
1467,1,1681369383200.0,2130.07,0.0327,2144.88,0.0776
1468,1,1681369383400.0,2130.07,0.0327,2144.86,0.0776
1469,1,1681369383500.0,2130.07,0.0327,2144.85,0.0038
1470,1,1681369383600.0,2130.07,0.0327,2144.85,0.0082
1471,1,1681369383700.0,2130.07,0.0327,2144.84,0.0776
1472,1,1681369383800.0,2130.07,0.0327,2144.83,0.0028000000000000017
1473,1,1681369383900.0,2130.07,0.0327,2144.83,0.011000000000000003
1474,1,1681369384000.0,2130.07,0.0327,2144.82,0.0776
1475,1,1681369384200.0,2130.07,0.0327,2144.8,0.0776
1476,1,1681369384300.0,2130.07,0.0327,2144.79,0.0028
1477,1,1681369384500.0,2130.07,0.0327,2144.79,0.0057
1478,1,1681369384600.0,2130.07,0.0327,2144.79,0.0028000000000000004
1479,1,1681369384800.0,2130.07,0.0327,2144.78,0.0776
1480,1,1681369384900.0,2130.07,0.0327,2144.77,0.0029
1481,1,1681369385000.0,2130.07,0.0327,2144.77,0.0029
1482,1,1681369385100.0,2130.07,0.0327,2144.77,0.0066
1483,1,1681369385200.0,2130.07,0.0327,2144.77,0.0073
1484,1,1681369385300.0,2130.07,0.0327,2144.77,0.006599999999999999
1485,1,1681369385400.0,2130.07,0.0327,2144.75,0.0073
1486,1,1681369385600.0,2130.07,0.0327,2144.75,0.0066
1487,1,1681369385700.0,2130.07,0.0327,2144.75,0.0101
1488,1,1681369385800.0,2130.07,0.0327,2144.73,0.0038
1489,1,1681369385900.0,2130.07,0.0327,2144.73,0.0101
1490,1,1681369386000.0,2130.07,0.0327,2144.73,0.006599999999999999
1491,1,1681369386100.0,2130.07,0.0327,2144.72,0.0776
1492,1,1681369386200.0,2130.07,0.0327,2144.71,0.0029
1493,1,1681369386300.0,2130.07,0.0327,2144.71,0.0066
1494,1,1681369386400.0,2130.07,0.0327,2144.7,0.0776
1495,1,1681369386600.0,2130.07,0.0327,2144.69,0.0038
1496,1,1681369386700.0,2130.07,0.0327,2144.68,0.0776
1497,1,1681369386800.0,2130.07,0.0327,2144.67,0.0057
1498,1,1681369386900.0,2130.07,0.0327,2144.67,0.0066
1499,1,1681369387000.0,2130.07,0.0327,2144.66,0.0776
1500,1,1681369387100.0,2130.07,0.0327,2144.65,0.0044
1501,1,1681369387200.0,2130.07,0.0327,2144.64,0.0776
1502,1,1681369387300.0,2130.07,0.0327,2144.64,0.0776
1503,1,1681369387400.0,2130.06,0.0537,2144.62,0.0776
1504,1,1681369387500.0,2130.06,0.0537,2144.62,0.0776
1505,1,1681369387600.0,2130.06,0.0537,2144.61,0.0044
1506,1,1681369387700.0,2130.06,0.0537,2144.6,0.0776
1507,1,1681369387800.0,2130.06,0.0537,2144.6,0.0776
1508,1,1681369387900.0,2130.06,0.0537,2144.59,0.005700000000000001
1509,1,1681369388000.0,2130.06,0.0537,2144.58,0.0776
1510,1,1681369388100.0,2130.06,0.0537,2144.57,0.0082
1511,1,1681369388200.0,2130.06,0.0537,2144.56,0.0776
1512,1,1681369388300.0,2130.06,0.0537,2144.56,0.0776
1513,1,1681369388400.0,2130.07,0.0336,2144.55,0.0038
1514,1,1681369388500.0,2130.07,0.0336,2144.55,0.0057
1515,1,1681369388600.0,2130.07,0.0336,2144.54,0.0776
1516,1,1681369388700.0,2130.07,0.0336,2144.53,0.0029
1517,1,1681369388900.0,2130.07,0.0336,2144.53,0.011
1518,1,1681369389000.0,2130.07,0.0336,2144.55,0.0029
1519,1,1681369389200.0,2130.07,0.0336,2144.54,0.0776
1520,1,1681369389400.0,2130.07,0.0336,2144.53,0.0082
1521,1,1681369389500.0,2130.07,0.0336,2144.52,0.0776
1522,1,1681369389600.0,2130.07,0.0336,2144.51,0.0082
1523,1,1681369389700.0,2130.07,0.0336,2144.51,0.0057
1524,1,1681369389800.0,2130.07,0.0336,2144.5,0.0776
1525,1,1681369389900.0,2130.07,0.0336,2144.49,0.0029
1526,1,1681369390000.0,2130.07,0.0336,2144.49,0.006699999999999999
1527,1,1681369390100.0,2130.07,0.0336,2144.49,0.011
1528,1,1681369390200.0,2130.07,0.0336,2144.55,0.0029
1529,1,1681369390300.0,2130.06,0.0537,2144.48,0.0886
1530,1,1681369390400.0,2130.06,0.0537,2144.47,0.0029
1531,1,1681369390500.0,2130.06,0.0537,2144.46,0.0776
1532,1,1681369390600.0,2130.06,0.0537,2144.45,0.0029
1533,1,1681369390700.0,2130.07,0.0283,2144.45,0.011
1534,1,1681369390800.0,2130.07,0.0283,2144.44,0.0776
1535,1,1681369390900.0,2130.07,0.0283,2144.43,0.0082
1536,1,1681369391100.0,2130.07,0.0283,2144.42,0.0776
1537,1,1681369391200.0,2130.07,0.0283,2144.41,0.0057
1538,1,1681369391300.0,2130.07,0.0283,2144.4,0.0776
1539,1,1681369393100.0,2130.07,0.0283,2144.39,0.0082
1540,1,1681369393300.0,2130.07,0.0283,2144.39,0.005699999999999999
1541,1,1681369393400.0,2130.07,0.0283,2144.38,0.0776
1542,1,1681369393500.0,2130.07,0.0283,2144.37,0.0029
1543,1,1681369393700.0,2130.07,0.0283,2144.37,0.0139
1544,1,1681369393800.0,2130.07,0.0283,2144.37,0.0056999999999999985
1545,1,1681369393900.0,2130.07,0.0283,2144.36,0.0776
1546,1,1681369394000.0,2130.07,0.0283,2144.36,0.0776
1547,1,1681369394100.0,2130.07,0.0283,2144.35,0.0139
1548,1,1681369394200.0,2130.07,0.0283,2144.34,0.0776
1549,1,1681369394300.0,2130.07,0.0283,2144.34,0.0776
1550,1,1681369394400.0,2130.07,0.0283,2144.33,0.0111
1551,1,1681369394500.0,2130.07,0.0283,2144.55,0.0028
1552,1,1681369394600.0,2130.07,0.0283,2144.55,0.0095
1553,1,1681369394700.0,2130.07,0.0283,2144.54,0.0776
1554,1,1681369394900.0,2130.07,0.0283,2144.53,0.0067
1555,1,1681369395000.0,2130.07,0.0283,2144.52,0.0776
1556,1,1681369395100.0,2130.07,0.0283,2144.51,0.0028
1557,1,1681369395300.0,2130.07,0.0283,2144.51,0.0095
1558,1,1681369395400.0,2130.07,0.0283,2144.56,0.0284
1559,1,1681369395500.0,2130.07,0.0283,2144.55,0.0095
1560,1,1681369395700.0,2130.07,0.0283,2144.54,0.0776
1561,1,1681369395800.0,2130.07,0.0283,2144.53,0.0067
1562,1,1681369396000.0,2130.07,0.0283,2144.52,0.0776
1563,1,1681369396100.0,2130.07,0.0283,2144.51,0.0067
1564,1,1681369396200.0,2130.07,0.0283,2144.51,0.0072000000000000015
1565,1,1681369396400.0,2130.07,0.0283,2144.5,0.0776
1566,1,1681369396600.0,2130.07,0.0283,2144.49,0.0044
1567,1,1681369396700.0,2130.06,0.0537,2144.48,0.0776
1568,1,1681369396800.0,2130.06,0.0537,2144.47,0.0044
1569,1,1681369396900.0,2130.07,0.0345,2144.46,0.0776
1570,1,1681369397000.0,2130.07,0.0345,2144.46,0.0776
1571,1,1681369397100.0,2130.07,0.0345,2144.45,0.0139
1572,1,1681369397200.0,2130.07,0.0345,2144.45,0.009499999999999998
1573,1,1681369397300.0,2130.07,0.0345,2144.44,0.0776
1574,1,1681369397400.0,2130.07,0.0345,2144.43,0.0067
1575,1,1681369397500.0,2130.07,0.0345,2144.42,0.0776
1576,1,1681369397700.0,2130.07,0.0345,2144.41,0.006699999999999999
1577,1,1681369397900.0,2130.07,0.0345,2144.4,0.0776
1578,1,1681369398000.0,2130.07,0.0345,2144.4,0.0776
1579,1,1681369398100.0,2130.07,0.0345,2144.39,0.009499999999999998
1580,1,1681369398200.0,2130.07,0.0345,2144.39,0.007199999999999999
1581,1,1681369398300.0,2130.07,0.0345,2144.38,0.0776
1582,1,1681369398400.0,2130.07,0.0345,2144.37,0.0067
1583,1,1681369398600.0,2130.07,0.0345,2144.36,0.0776
1584,1,1681369398700.0,2130.07,0.0345,2144.35,0.0067
1585,1,1681369398800.0,2130.07,0.0345,2144.34,0.0776
1586,1,1681369398900.0,2130.07,0.0345,2144.34,0.0776
1587,1,1681369399000.0,2130.07,0.0345,2144.33,0.006699999999999999
1588,1,1681369399100.0,2130.07,0.0345,2144.33,0.0072000000000000015
1589,1,1681369399200.0,2130.06,0.0537,2144.32,0.0776
1590,1,1681369399400.0,2130.06,0.0537,2144.31,0.0044
1591,1,1681369399500.0,2130.06,0.0537,2144.3,0.0776
1592,1,1681369399600.0,2130.06,0.0537,2144.29,0.0044
1593,1,1681369399700.0,2130.06,0.0537,2144.29,0.0044
1594,1,1681369399800.0,2130.06,0.0537,2144.28,0.0776
1595,1,1681369399900.0,2130.06,0.0537,2144.27,0.008
1596,1,1681369400000.0,2130.06,0.0537,2144.27,0.0095
1597,1,1681369400100.0,2130.06,0.0537,2144.26,0.0776
1598,1,1681369400300.0,2130.06,0.0537,2144.24,0.0776
1599,1,1681369400400.0,2130.06,0.0537,2144.23,0.0072
1600,1,1681369400500.0,2130.06,0.0537,2144.22,0.0776
1601,1,1681369400600.0,2130.06,0.0537,2144.21,0.0044
1602,1,1681369400700.0,2130.06,0.0537,2144.21,0.009499999999999998
1603,1,1681369400800.0,2130.06,0.0537,2144.2,0.0776
1604,1,1681369401000.0,2130.06,0.0537,2144.19,0.006699999999999999
1605,1,1681369401100.0,2130.06,0.0537,2144.18,0.0776
1606,1,1681369401600.0,2130.06,0.0537,2144.18,0.0776
1607,1,1681369401800.0,2130.06,0.0537,2144.17,0.0072000000000000015
1608,1,1681369401900.0,2130.06,0.0537,2144.15,0.006699999999999999
1609,1,1681369402000.0,2130.06,0.0537,2144.15,0.0072
1610,1,1681369402200.0,2130.06,0.0537,2144.15,0.011
1611,1,1681369402300.0,2130.06,0.0537,2144.14,0.0776
1612,1,1681369402400.0,2130.06,0.0537,2144.13,0.006699999999999999
1613,1,1681369402500.0,2130.06,0.0537,2144.12,0.0776
1614,1,1681369402600.0,2130.06,0.0537,2144.11,0.0029
1615,1,1681369402700.0,2130.06,0.0537,2144.11,0.006699999999999999
1616,1,1681369402800.0,2130.06,0.0537,2144.11,0.006699999999999999
1617,1,1681369402900.0,2130.06,0.0388,2144.11,0.0072
1618,1,1681369403000.0,2130.06,0.0388,2144.1,0.0776
1619,1,1681369403100.0,2130.06,0.0388,2144.1,0.0776
1620,1,1681369403200.0,2130.06,0.0388,2144.09,0.0044
1621,1,1681369403300.0,2130.06,0.0388,2144.09,0.009499999999999998
1622,1,1681369403400.0,2130.06,0.0388,2144.09,0.007199999999999999
1623,1,1681369403500.0,2130.06,0.0388,2144.09,0.009499999999999998
1624,1,1681369403700.0,2130.06,0.0388,2144.08,0.0776
1625,1,1681369403800.0,2130.06,0.0388,2144.07,0.0029
1626,1,1681369403900.0,2130.06,0.0388,2144.07,0.0029
1627,1,1681369404000.0,2130.06,0.0388,2144.05,0.0072
1628,1,1681369404100.0,2130.06,0.0388,2144.05,0.005699999999999999
1629,1,1681369404200.0,2130.06,0.0388,2144.05,0.0072
1630,1,1681369404400.0,2130.06,0.0388,2144.04,0.0776
1631,1,1681369404600.0,2130.06,0.0388,2144.03,0.0044
1632,1,1681369404700.0,2130.06,0.0388,2144.02,0.0776
1633,1,1681369404900.0,2130.06,0.0388,2144.01,0.0044
1634,1,1681369405000.0,2130.06,0.0388,2144.01,0.0067
1635,1,1681369405100.0,2130.06,0.0388,2144.0,0.0776
1636,1,1681369405200.0,2130.06,0.0388,2143.99,0.0044
1637,1,1681369405400.0,2130.06,0.0388,2143.98,0.0776
1638,1,1681369405600.0,2130.06,0.0388,2143.97,0.008
1639,1,1681369405700.0,2130.06,0.0388,2143.96,0.0776
1640,1,1681369405800.0,2130.06,0.0388,2143.96,0.0776
1641,1,1681369405900.0,2130.06,0.0388,2143.95,0.0067
1642,1,1681369406000.0,2130.06,0.0388,2143.94,0.0776
1643,1,1681369406100.0,2130.06,0.0388,2143.93,0.006699999999999999
1644,1,1681369406200.0,2130.06,0.0388,2143.93,0.007199999999999999
1645,1,1681369406300.0,2130.06,0.0388,2143.92,0.0776
1646,1,1681369406400.0,2130.06,0.0388,2143.91,0.0067
1647,1,1681369406500.0,2130.06,0.0388,2143.9,0.0776
1648,1,1681369406600.0,2130.06,0.0388,2143.9,0.0776
1649,1,1681369406700.0,2130.06,0.0388,2143.89,0.0072000000000000015
1650,1,1681369406900.0,2130.06,0.0388,2143.88,0.0776
1651,1,1681369407000.0,2130.06,0.0388,2143.88,0.0776
1652,1,1681369407100.0,2130.06,0.0388,2143.87,0.0067
1653,1,1681369407200.0,2130.06,0.0388,2143.87,0.0072
1654,1,1681369407300.0,2130.06,0.0388,2143.86,0.0776
1655,1,1681369407400.0,2130.06,0.0388,2143.85,0.0044
1656,1,1681369407600.0,2130.06,0.0388,2143.84,0.0776
1657,1,1681369407700.0,2130.06,0.0388,2143.84,0.0776
1658,1,1681369407800.0,2130.06,0.0388,2144.35,0.0776
1659,1,1681369407900.0,2130.06,0.0388,2144.35,0.0776
1660,1,1681369408000.0,2130.06,0.0537,2144.34,0.0095
1661,1,1681369408100.0,2130.06,0.0537,2144.33,0.0776
1662,1,1681369408300.0,2130.06,0.0537,2144.32,0.0067
1663,1,1681369408400.0,2130.06,0.0537,2144.32,0.0028
1664,1,1681369408500.0,2130.06,0.0537,2144.31,0.0776
1665,1,1681369408600.0,2130.06,0.0537,2144.3,0.0067
1666,1,1681369408800.0,2130.06,0.0537,2144.29,0.0776
1667,1,1681369408900.0,2130.06,0.0537,2144.28,0.0067
1668,1,1681369409000.0,2130.06,0.0537,2144.28,0.007199999999999999
1669,1,1681369409100.0,2130.06,0.0537,2144.27,0.0776
1670,1,1681369409200.0,2130.06,0.0537,2144.27,0.0776
1671,1,1681369409300.0,2130.06,0.0537,2144.26,0.0044
1672,1,1681369409400.0,2130.06,0.0537,2144.25,0.0776
1673,1,1681369409600.0,2130.06,0.0537,2144.24,0.0044
1674,1,1681369409700.0,2130.06,0.0537,2144.23,0.0776
1675,1,1681369409800.0,2130.06,0.0537,2144.22,0.008
1676,1,1681369409900.0,2130.06,0.0537,2144.21,0.0776
1677,1,1681369410000.0,2130.06,0.0537,2144.21,0.0776
1678,1,1681369410100.0,2130.06,0.0537,2144.2,0.0067
1679,1,1681369410200.0,2130.06,0.0537,2144.2,0.0057
1680,1,1681369410300.0,2130.06,0.0537,2144.19,0.0776
1681,1,1681369410400.0,2130.06,0.0537,2144.19,0.0776
1682,1,1681369410500.0,2130.06,0.0537,2144.18,0.0044
1683,1,1681369410600.0,2130.06,0.0537,2144.17,0.0776
1684,1,1681369411400.0,2130.06,0.0537,2144.17,0.0776
1685,1,1681369411500.0,2130.06,0.0537,2144.15,0.0776
1686,1,1681369411600.0,2130.06,0.0537,2144.14,0.0042
1687,1,1681369411700.0,2130.06,0.0537,2144.13,0.0776
1688,1,1681369411900.0,2130.06,0.0537,2144.12,0.0097
1689,1,1681369412100.0,2130.06,0.0537,2144.12,0.011
1690,1,1681369412200.0,2130.06,0.0537,2144.11,0.0776
1691,1,1681369412300.0,2130.06,0.0537,2144.11,0.0776
1692,1,1681369412400.0,2130.06,0.0537,2144.1,0.0057
1693,1,1681369412500.0,2130.06,0.0537,2144.09,0.0776
1694,1,1681369412600.0,2130.06,0.0537,2144.09,0.0776
1695,1,1681369412700.0,2130.06,0.0537,2144.08,0.0029
1696,1,1681369412800.0,2130.06,0.0537,2144.08,0.0056999999999999985
1697,1,1681369412900.0,2130.06,0.0537,2144.08,0.006599999999999998
1698,1,1681369413000.0,2130.06,0.0537,2144.08,0.0056999999999999985
1699,1,1681369413200.0,2130.06,0.0537,2144.08,0.011
1700,1,1681369413300.0,2130.06,0.0537,2144.07,0.0776
1701,1,1681369413400.0,2130.06,0.0537,2144.06,0.0029
1702,1,1681369413500.0,2130.06,0.0537,2144.05,0.0776
1703,1,1681369413600.0,2130.06,0.0537,2144.05,0.0776
1704,1,1681369413700.0,2130.06,0.0537,2144.04,0.011
1705,1,1681369413800.0,2130.06,0.0537,2144.03,0.0776
1706,1,1681369413900.0,2130.06,0.0537,2144.03,0.0776
1707,1,1681369414000.0,2130.06,0.0537,2144.02,0.0082
1708,1,1681369414100.0,2130.06,0.0388,2144.01,0.0776
1709,1,1681369414200.0,2130.06,0.0388,2144.0,0.0082
1710,1,1681369414400.0,2130.06,0.0388,2143.98,0.0057
1711,1,1681369414600.0,2130.06,0.0388,2143.98,0.011000000000000001
1712,1,1681369414700.0,2130.06,0.0388,2143.98,0.013900000000000001
1713,1,1681369414800.0,2130.06,0.0388,2143.97,0.0776
1714,1,1681369415000.0,2130.06,0.0388,2143.95,0.0776
1715,1,1681369415100.0,2130.06,0.0388,2143.95,0.0776
1716,1,1681369415200.0,2130.06,0.0388,2143.94,0.0029
1717,1,1681369415400.0,2130.06,0.0388,2143.93,0.0776
1718,1,1681369415600.0,2130.06,0.0388,2143.92,0.0029
1719,1,1681369415700.0,2130.06,0.0388,2143.91,0.0776
1720,1,1681369415900.0,2130.06,0.0388,2143.89,0.0776
1721,1,1681369416000.0,2130.06,0.0388,2143.89,0.0776
1722,1,1681369416100.0,2130.06,0.0388,2143.88,0.0029
1723,1,1681369416200.0,2130.06,0.0388,2143.88,0.0057
1724,1,1681369416400.0,2130.06,0.0388,2143.87,0.0776
1725,1,1681369416500.0,2130.06,0.0388,2143.86,0.0044
1726,1,1681369416700.0,2130.06,0.0388,2143.85,0.0776
1727,1,1681369416900.0,2130.06,0.0388,2143.84,0.0067
1728,1,1681369417000.0,2130.06,0.0388,2143.83,0.0776
1729,1,1681369417100.0,2130.06,0.0388,2143.82,0.0067
1730,1,1681369417300.0,2130.06,0.0388,2143.82,0.0072000000000000015
1731,1,1681369417400.0,2130.06,0.0388,2143.81,0.0776
1732,1,1681369417600.0,2130.06,0.0388,2143.8,0.0044
1733,1,1681369417700.0,2130.06,0.0388,2143.78,0.0095
1734,1,1681369417900.0,2130.06,0.0388,2143.77,0.0776
1735,1,1681369418000.0,2130.06,0.0388,2143.76,0.006699999999999999
1736,1,1681369418100.0,2130.06,0.0388,2143.76,0.006699999999999999
1737,1,1681369418200.0,2130.06,0.0388,2143.76,0.0072
1738,1,1681369418300.0,2130.06,0.0388,2143.75,0.0776
1739,1,1681369418500.0,2130.06,0.0388,2143.74,0.009499999999999998
1740,1,1681369418600.0,2130.06,0.0388,2143.73,0.0776
1741,1,1681369418700.0,2130.06,0.0388,2143.72,0.0044
1742,1,1681369418800.0,2130.06,0.0388,2143.71,0.0776
1743,1,1681369419000.0,2130.06,0.0388,2143.69,0.0776
1744,1,1681369419100.0,2130.06,0.0388,2143.68,0.0044
1745,1,1681369419300.0,2130.06,0.0388,2143.68,0.009499999999999998
1746,1,1681369419400.0,2130.06,0.0388,2143.66,0.0044
1747,1,1681369419500.0,2130.06,0.0388,2143.66,0.0095
1748,1,1681369419600.0,2130.06,0.0388,2143.65,0.0776
1749,1,1681369419700.0,2130.06,0.0388,2143.65,0.0776
1750,1,1681369419800.0,2130.06,0.0388,2143.64,0.006699999999999999
1751,1,1681369419900.0,2130.06,0.0388,2143.64,0.0072
1752,1,1681369420000.0,2130.06,0.0388,2143.63,0.0776
1753,1,1681369420100.0,2130.06,0.0388,2143.62,0.0067
1754,1,1681369420200.0,2130.06,0.0388,2143.62,0.0072
1755,1,1681369420300.0,2130.06,0.0388,2143.61,0.0776
1756,1,1681369420400.0,2130.06,0.0388,2143.6,0.0044
1757,1,1681369420500.0,2130.06,0.0388,2143.6,0.009499999999999998
1758,1,1681369420600.0,2130.06,0.0388,2143.59,0.0776
1759,1,1681369420700.0,2130.06,0.0388,2143.58,0.006699999999999999
1760,1,1681369420800.0,2130.06,0.0388,2143.58,0.007199999999999999
1761,1,1681369420900.0,2130.06,0.0388,2143.57,0.0776
1762,1,1681369421500.0,2130.06,0.0388,2143.57,0.0776
1763,1,1681369421600.0,2130.06,0.0388,2143.56,0.0072
1764,1,1681369421700.0,2130.07,0.0291,2143.55,0.0776
1765,1,1681369421800.0,2130.07,0.0291,2143.54,0.0044
1766,1,1681369421900.0,2130.07,0.0291,2143.54,0.005100000000000001
1767,1,1681369422000.0,2130.07,0.0291,2143.54,0.0072000000000000015
1768,1,1681369422200.0,2130.07,0.0291,2143.53,0.0776
1769,1,1681369422300.0,2130.07,0.0291,2143.52,0.0044
1770,1,1681369422400.0,2130.07,0.0291,2143.52,0.0066
1771,1,1681369422500.0,2130.07,0.0291,2143.62,0.0044
1772,1,1681369422600.0,2130.07,0.0291,2143.5,0.0776
1773,1,1681369422700.0,2130.07,0.0291,2143.49,0.0073
1774,1,1681369422800.0,2130.07,0.0291,2143.48,0.0776
1775,1,1681369422900.0,2130.07,0.0291,2143.47,0.0073
1776,1,1681369423000.0,2130.07,0.0291,2143.47,0.0139
1777,1,1681369423100.0,2130.07,0.0291,2143.46,0.0776
1778,1,1681369423200.0,2130.07,0.0291,2143.45,0.0038
1779,1,1681369423300.0,2130.07,0.0291,2143.45,0.0038
1780,1,1681369423400.0,2130.07,0.0291,2143.62,0.0101
1781,1,1681369423500.0,2130.07,0.0291,2143.62,0.006599999999999999
1782,1,1681369423700.0,2130.07,0.0291,2143.61,0.0776
1783,1,1681369423900.0,2130.07,0.0291,2143.6,0.0038
1784,1,1681369424000.0,2130.07,0.0291,2143.6,0.0038
1785,1,1681369424100.0,2130.07,0.0291,2143.6,0.0101
1786,1,1681369424200.0,2130.07,0.0291,2143.59,0.0776
1787,1,1681369424300.0,2130.07,0.0291,2143.58,0.010100000000000001
1788,1,1681369424400.0,2130.07,0.0291,2143.58,0.006600000000000001
1789,1,1681369424500.0,2130.07,0.0291,2143.58,0.010100000000000001
1790,1,1681369424600.0,2130.07,0.0291,2143.57,0.0776
1791,1,1681369424700.0,2130.07,0.0291,2143.56,0.0073
1792,1,1681369424800.0,2130.07,0.0291,2143.56,0.006599999999999999
1793,1,1681369424900.0,2130.07,0.0291,2143.55,0.0776
1794,1,1681369425000.0,2130.07,0.0291,2143.55,0.0776
1795,1,1681369425100.0,2130.06,0.0537,2143.53,0.0776
1796,1,1681369425300.0,2130.06,0.0537,2143.52,0.010100000000000001
1797,1,1681369425400.0,2130.06,0.0537,2143.51,0.0776
1798,1,1681369425500.0,2130.07,0.0274,2143.51,0.0776
1799,1,1681369425600.0,2130.07,0.0274,2143.5,0.0073
1800,1,1681369425700.0,2130.07,0.0274,2143.49,0.0776
1801,1,1681369425800.0,2130.07,0.0274,2143.48,0.0038
1802,1,1681369425900.0,2130.07,0.0274,2143.48,0.0124
1803,1,1681369426000.0,2130.07,0.0274,2143.62,0.0038
1804,1,1681369426200.0,2130.07,0.0274,2143.62,0.0086
1805,1,1681369426300.0,2130.07,0.0274,2143.61,0.0776
1806,1,1681369426400.0,2130.07,0.0274,2143.6,0.0073
1807,1,1681369426500.0,2130.07,0.0274,2143.59,0.0776
1808,1,1681369426600.0,2130.07,0.0274,2143.59,0.0776
1809,1,1681369426700.0,2130.07,0.0274,2143.58,0.0097
1810,1,1681369426800.0,2130.07,0.0274,2143.57,0.0776
1811,1,1681369426900.0,2130.07,0.0274,2143.57,0.0776
1812,1,1681369427000.0,2130.07,0.0274,2143.56,0.0038
1813,1,1681369427100.0,2130.07,0.0274,2143.55,0.0776
1814,1,1681369427300.0,2130.07,0.0274,2143.54,0.0044
1815,1,1681369427400.0,2130.07,0.0274,2143.54,0.0053
1816,1,1681369427500.0,2130.07,0.0274,2143.53,0.0776
1817,1,1681369427700.0,2130.07,0.0274,2143.51,0.0776
1818,1,1681369427900.0,2130.06,0.0537,2143.5,0.0072
1819,1,1681369428100.0,2130.07,0.0266,2143.49,0.0776
1820,1,1681369428300.0,2130.07,0.0266,2143.48,0.0044
1821,1,1681369428400.0,2130.07,0.0266,2143.48,0.0095
1822,1,1681369428500.0,2130.07,0.0266,2143.48,0.0037999999999999996
1823,1,1681369428600.0,2130.07,0.0266,2143.62,0.009500000000000001
1824,1,1681369428700.0,2130.07,0.0266,2143.61,0.0776
1825,1,1681369428800.0,2130.07,0.0266,2143.6,0.0067
1826,1,1681369428900.0,2130.07,0.0266,2143.59,0.0776
1827,1,1681369429000.0,2130.07,0.0266,2143.59,0.0776
1828,1,1681369429100.0,2130.07,0.0266,2143.58,0.0067
1829,1,1681369429200.0,2130.06,0.0537,2143.56,0.006699999999999999
1830,1,1681369429400.0,2130.07,0.0272,2143.55,0.0776
1831,1,1681369429500.0,2130.07,0.0272,2143.54,0.0067
1832,1,1681369429700.0,2130.07,0.0272,2143.53,0.0776
1833,1,1681369429900.0,2130.07,0.0272,2143.52,0.0044
1834,1,1681369430000.0,2130.07,0.0272,2143.52,0.0044
1835,1,1681369430100.0,2130.07,0.0272,2143.52,0.009499999999999998
1836,1,1681369430200.0,2130.07,0.0272,2143.62,0.009499999999999998
1837,1,1681369430300.0,2130.07,0.0272,2143.61,0.0776
1838,1,1681369430400.0,2130.07,0.0272,2143.6,0.0044
