,date,timestamp,bid_0_px,bid_0_qty,ask_0_px,ask_0_qty
0,1,1681362000000.0,2105.98,0.0013,2149.42,0.0082
1,1,1681362000100.0,2105.98,0.0013,2149.42,0.0082
2,1,1681362000200.0,2105.99,0.0719,2149.41,0.0776
3,1,1681362000300.0,2106.0,0.0013,2149.4,0.0029
4,1,1681362000400.0,2106.0,0.0013,2149.4,0.0097
5,1,1681362000500.0,2106.01,0.0719,2149.39,0.0776
6,1,1681362000600.0,2106.02,0.0013,2149.38,0.0082
7,1,1681362000700.0,2106.03,0.0719,2149.37,0.0776
8,1,1681362001500.0,2106.03,0.0719,2149.37,0.0776
9,1,1681362001600.0,2106.04,0.0013,2149.36,0.0082
10,1,1681362001800.0,2106.04,0.0013,2149.36,0.0082
11,1,1681362003700.0,2106.04,0.0013,2149.36,0.0082
12,1,1681362004300.0,2106.04,0.0013,2149.36,0.0082
13,1,1681362004500.0,2106.05,0.0719,2149.35,0.0776
14,1,1681362004900.0,2106.05,0.0719,2149.35,0.1482
15,1,1681362006400.0,2106.05,0.0719,2149.35,0.1482
16,1,1681362006500.0,2106.05,0.0719,2149.35,0.1482
17,1,1681362006600.0,2106.06,0.0013,2149.33,0.0776
18,1,1681362007500.0,2105.7,0.0013,2149.32,0.0082
19,1,1681362007600.0,2105.71,0.0719,2149.31,0.0776
20,1,1681362007700.0,2105.72,0.0013,2149.3,0.0067
21,1,1681362007800.0,2105.73,0.0719,2149.29,0.0776
22,1,1681362007900.0,2105.73,0.0719,2149.29,0.0776
23,1,1681362008000.0,2105.74,0.0013,2149.28,0.0111
24,1,1681362008100.0,2105.75,0.0719,2149.27,0.0887
25,1,1681362008300.0,2105.76,0.0013,2149.26,0.0015
26,1,1681362008400.0,2105.77,0.0719,2149.25,0.0776
27,1,1681362008500.0,2105.78,0.0013,2149.25,0.0776
28,1,1681362008600.0,2105.79,0.0719,2149.34,0.0776
29,1,1681362008700.0,2105.79,0.0719,2149.24,0.0126
30,1,1681362008800.0,2105.8,0.0013,2149.33,0.0111
31,1,1681362008900.0,2105.81,0.0719,2149.32,0.0776
32,1,1681362009000.0,2105.81,0.0719,2149.32,0.0776
33,1,1681362009100.0,2105.82,0.0013,2149.32,0.0776
34,1,1681362009200.0,2105.83,0.0719,2149.3,0.0776
35,1,1681362009300.0,2105.84,0.0013,2149.3,0.0776
36,1,1681362009400.0,2105.85,0.0719,2149.29,0.0126
37,1,1681362009500.0,2105.86,0.0013,2149.34,0.0776
38,1,1681362009600.0,2105.86,0.0013,2149.33,0.0082
39,1,1681362009700.0,2105.86,0.0013,2149.33,0.0059
40,1,1681362009800.0,2105.87,0.0719,2149.32,0.0776
41,1,1681362010000.0,2105.89,0.0719,2149.34,0.0776
42,1,1681362010100.0,2105.89,0.0719,2149.31,0.0126
43,1,1681362010200.0,2105.9,0.0013,2149.33,0.0126
44,1,1681362010300.0,2105.92,0.0013,2149.32,0.0776
45,1,1681362010400.0,2105.92,0.0013,2149.31,0.0111
46,1,1681362010500.0,2105.93,0.0719,2149.3,0.0776
47,1,1681362010600.0,2105.94,0.0013,2149.29,0.011099999999999999
48,1,1681362010700.0,2105.94,0.0013,2149.29,0.0014999999999999987
49,1,1681362010800.0,2105.95,0.0719,2149.28,0.0776
50,1,1681362011000.0,2105.96,0.0013,2149.27,0.0126
51,1,1681362011100.0,2105.96,0.0013,2149.27,0.0014999999999999996
52,1,1681362011300.0,2105.97,0.0719,2149.26,0.0776
53,1,1681362011400.0,2105.98,0.0013,2149.25,0.0111
54,1,1681362011500.0,2105.99,0.0719,2149.24,0.0776
55,1,1681362011600.0,2106.0,0.0013,2149.23,0.0082
56,1,1681362011700.0,2106.01,0.0719,2149.22,0.0776
57,1,1681362011800.0,2106.02,0.0013,2149.21,0.0082
58,1,1681362011900.0,2106.02,0.0013,2149.21,0.0044
59,1,1681362012100.0,2106.03,0.0719,2149.21,0.0097
60,1,1681362012200.0,2106.04,0.0013,2149.21,0.0126
61,1,1681362012300.0,2106.04,0.0013,2149.2,0.082
62,1,1681362012400.0,2106.04,0.0013,2149.2,0.082
63,1,1681362012500.0,2106.04,0.0013,2149.19,0.0044
64,1,1681362012600.0,2105.71,0.0719,2149.18,0.0776
65,1,1681362012700.0,2105.72,0.0013,2149.18,0.0776
66,1,1681362012800.0,2105.72,0.0013,2149.18,0.0776
67,1,1681362012900.0,2105.73,0.0719,2149.16,0.0776
68,1,1681362013000.0,2105.73,0.0719,2149.16,0.0776
69,1,1681362013100.0,2105.75,0.0719,2149.15,0.0029
70,1,1681362013200.0,2105.75,0.0719,2149.15,0.0029
71,1,1681362013300.0,2105.76,0.0013,2149.14,0.0776
72,1,1681362013400.0,2105.76,0.0013,2149.13,0.0015
73,1,1681362013500.0,2105.76,0.0013,2149.12,0.0776
74,1,1681362013600.0,2105.71,0.0719,2149.12,0.0776
75,1,1681362013700.0,2105.72,0.0013,2149.11,0.0044
76,1,1681362013800.0,2105.73,0.0719,2149.1,0.0776
77,1,1681362013900.0,2105.74,0.0013,2149.09,0.0029
78,1,1681362014000.0,2105.74,0.0013,2149.09,0.008799999999999999
79,1,1681362014100.0,2105.75,0.0719,2149.08,0.0776
80,1,1681362014200.0,2105.76,0.0013,2149.07,0.0044
81,1,1681362014400.0,2105.76,0.0013,2149.07,0.005900000000000001
82,1,1681362014500.0,2105.77,0.0719,2149.06,0.0776
83,1,1681362014600.0,2105.77,0.0719,2149.06,0.0776
84,1,1681362014700.0,2105.78,0.0013,2149.05,0.0044
85,1,1681362014800.0,2105.78,0.0013,2149.05,0.0044
86,1,1681362014900.0,2105.79,0.0719,2149.04,0.0805
87,1,1681362015100.0,2105.8,0.0013,2149.03,0.0059
88,1,1681362015200.0,2105.8,0.0013,2149.03,0.008799999999999999
89,1,1681362015300.0,2105.82,0.0013,2149.02,0.0776
90,1,1681362015400.0,2105.82,0.0013,2149.02,0.0776
91,1,1681362015500.0,2105.83,0.0719,2149.01,0.0029
92,1,1681362015600.0,2105.83,0.0719,2149.0,0.0776
93,1,1681362015700.0,2105.85,0.0719,2148.99,0.0082
94,1,1681362015900.0,2105.86,0.0013,2148.99,0.0126
95,1,1681362016000.0,2105.87,0.0719,2148.98,0.0776
96,1,1681362016100.0,2105.88,0.0013,2148.97,0.005899999999999999
97,1,1681362016200.0,2105.88,0.0013,2148.97,0.009699999999999999
98,1,1681362016300.0,2105.89,0.0719,2148.96,0.0776
99,1,1681362016400.0,2105.9,0.0013,2148.95,0.0082
100,1,1681362016500.0,2105.91,0.0719,2148.94,0.0776
101,1,1681362016800.0,2105.91,0.0719,2148.94,0.0776
102,1,1681362017300.0,2105.92,0.0013,2148.94,0.0776
103,1,1681362017400.0,2105.93,0.0719,2148.94,0.0776
104,1,1681362017500.0,2105.93,0.0719,2148.92,0.0776
105,1,1681362017600.0,2105.94,0.0013,2148.91,0.004399999999999999
106,1,1681362017700.0,2105.94,0.0013,2148.91,0.0097
107,1,1681362017800.0,2105.95,0.0719,2148.9,0.0776
108,1,1681362017900.0,2105.96,0.0013,2148.89,0.0044
109,1,1681362018000.0,2105.96,0.0013,2148.89,0.004399999999999999
110,1,1681362018100.0,2105.96,0.0013,2148.89,0.0097
111,1,1681362018200.0,2105.96,0.0013,2148.89,0.004399999999999999
112,1,1681362018300.0,2105.96,0.0013,2148.89,0.009699999999999999
113,1,1681362018500.0,2105.96,0.0013,2148.89,0.0043999999999999985
114,1,1681362018600.0,2105.97,0.0719,2148.88,0.0776
115,1,1681362018700.0,2105.98,0.0013,2148.87,0.005900000000000001
116,1,1681362018800.0,2105.99,0.0719,2148.86,0.0776
117,1,1681362018900.0,2105.99,0.0719,2148.86,0.0776
118,1,1681362019000.0,2106.01,0.0719,2148.84,0.0776
119,1,1681362019100.0,2106.02,0.0013,2148.83,0.0044
120,1,1681362019200.0,2106.03,0.0719,2148.83,0.0044
121,1,1681362019300.0,2106.04,0.0013,2148.81,0.0044
122,1,1681362019400.0,2106.04,0.0013,2148.81,0.008199999999999999
123,1,1681362019500.0,2106.05,0.0719,2148.8,0.0776
124,1,1681362019600.0,2106.06,0.0013,2148.79,0.006699999999999999
125,1,1681362019700.0,2106.06,0.0013,2148.79,0.0043999999999999985
126,1,1681362019800.0,2106.06,0.0013,2148.79,0.009699999999999999
127,1,1681362019900.0,2106.06,0.0013,2148.78,0.0776
128,1,1681362020000.0,2106.06,0.0013,2148.78,0.0776
129,1,1681362020100.0,2105.7,0.0013,2148.77,0.0059
130,1,1681362020200.0,2105.71,0.0719,2148.76,0.0776
131,1,1681362020300.0,2105.72,0.0013,2148.75,0.0044
132,1,1681362020400.0,2105.73,0.0719,2148.74,0.0776
133,1,1681362020500.0,2105.73,0.0719,2148.74,0.0776
134,1,1681362020600.0,2105.74,0.0013,2148.73,0.008199999999999999
135,1,1681362020700.0,2105.75,0.0719,2148.72,0.0776
136,1,1681362020800.0,2105.76,0.0013,2148.71,0.006699999999999999
137,1,1681362021000.0,2105.77,0.0719,2148.7,0.0776
138,1,1681362021100.0,2105.78,0.0013,2148.69,0.0059
139,1,1681362021200.0,2105.79,0.0719,2148.68,0.0776
140,1,1681362021300.0,2105.79,0.0719,2148.67,0.0044
141,1,1681362021400.0,2105.8,0.0013,2148.67,0.0044
142,1,1681362021500.0,2105.81,0.0719,2148.66,0.0776
143,1,1681362021600.0,2105.82,0.0013,2148.65,0.0067
144,1,1681362021700.0,2105.82,0.0013,2148.65,0.0015000000000000005
145,1,1681362021800.0,2105.83,0.0719,2148.64,0.0776
146,1,1681362022000.0,2105.84,0.0013,2148.64,0.0776
147,1,1681362022100.0,2105.85,0.0719,2148.63,0.0082
148,1,1681362022200.0,2105.85,0.0719,2148.63,0.0015000000000000005
149,1,1681362022300.0,2105.87,0.0719,2148.62,0.0015
150,1,1681362022500.0,2105.88,0.0013,2148.88,0.0014999999999999996
151,1,1681362022600.0,2105.88,0.0013,2148.88,0.0126
152,1,1681362022700.0,2105.89,0.0719,2148.87,0.0776
153,1,1681362022900.0,2105.91,0.0719,2148.85,0.0776
154,1,1681362023000.0,2105.92,0.0013,2148.84,0.0073
155,1,1681362023100.0,2105.93,0.0719,2148.83,0.0776
156,1,1681362023200.0,2105.93,0.0719,2148.83,0.0776
157,1,1681362023300.0,2105.94,0.0013,2148.82,0.0111
158,1,1681362023400.0,2105.95,0.0719,2148.8,0.0111
159,1,1681362023500.0,2105.96,0.0013,2148.8,0.0029000000000000002
160,1,1681362023600.0,2105.97,0.0719,2148.79,0.0111
161,1,1681362023700.0,2105.98,0.0013,2148.91,0.0776
162,1,1681362023900.0,2105.99,0.0719,2148.89,0.0776
163,1,1681362024000.0,2106.0,0.0013,2148.88,0.0111
164,1,1681362024100.0,2106.01,0.0719,2148.87,0.0776
165,1,1681362024200.0,2106.02,0.0013,2148.86,0.0111
166,1,1681362024300.0,2106.02,0.0013,2148.86,0.0029
167,1,1681362024400.0,2106.02,0.0013,2148.86,0.0111
168,1,1681362024500.0,2106.03,0.0719,2148.86,0.0111
169,1,1681362024600.0,2106.04,0.0013,2148.85,0.0044
170,1,1681362024700.0,2106.04,0.0013,2148.86,0.006699999999999999
171,1,1681362024800.0,2106.05,0.0719,2148.85,0.0776
172,1,1681362024900.0,2106.06,0.0013,2148.85,0.0776
173,1,1681362025000.0,2106.06,0.0013,2148.84,0.0126
174,1,1681362025100.0,2106.06,0.0013,2148.83,0.0776
175,1,1681362025200.0,2106.06,0.0013,2148.83,0.0776
176,1,1681362025300.0,2105.7,0.0013,2148.82,0.0111
177,1,1681362025400.0,2105.71,0.0719,2148.81,0.0776
178,1,1681362025500.0,2105.71,0.0719,2148.81,0.0776
179,1,1681362025600.0,2105.72,0.0013,2148.8,0.0097
180,1,1681362025700.0,2105.73,0.0719,2148.79,0.0776
181,1,1681362025800.0,2105.73,0.0719,2148.79,0.0776
182,1,1681362025900.0,2105.74,0.0013,2148.78,0.0126
183,1,1681362026000.0,2105.75,0.0719,2148.78,0.0126
184,1,1681362026100.0,2105.76,0.0013,2148.9,0.0111
185,1,1681362026200.0,2105.77,0.0719,2148.89,0.0776
186,1,1681362026300.0,2105.78,0.0013,2148.88,0.006699999999999999
187,1,1681362026400.0,2105.78,0.0013,2148.88,0.0014999999999999979
188,1,1681362026500.0,2105.79,0.0719,2148.87,0.0776
189,1,1681362026800.0,2105.79,0.0719,2148.87,0.0776
190,1,1681362027100.0,2105.8,0.0013,2148.87,0.0776
191,1,1681362027200.0,2105.8,0.0013,2148.86,0.0015
192,1,1681362027300.0,2105.81,0.0719,2148.85,0.0776
193,1,1681362027400.0,2105.81,0.0719,2148.85,0.0776
194,1,1681362027500.0,2105.82,0.0013,2148.84,0.0126
195,1,1681362027600.0,2105.84,0.0013,2148.91,0.0776
196,1,1681362027800.0,2105.85,0.0719,2148.89,0.0776
197,1,1681362027900.0,2105.86,0.0013,2148.88,0.0082
198,1,1681362028000.0,2105.87,0.0719,2148.87,0.0776
199,1,1681362028100.0,2105.87,0.0719,2148.86,0.0082
200,1,1681362028200.0,2105.89,0.0719,2148.85,0.0776
201,1,1681362028300.0,2105.9,0.0013,2148.84,0.0111
202,1,1681362028500.0,2105.91,0.0719,2148.83,0.0776
203,1,1681362028700.0,2105.92,0.0013,2148.82,0.0126
204,1,1681362028800.0,2105.93,0.0719,2148.81,0.0776
205,1,1681362028900.0,2105.94,0.0013,2148.8,0.006699999999999999
206,1,1681362029000.0,2105.94,0.0013,2148.8,0.0126
207,1,1681362029100.0,2105.95,0.0719,2148.79,0.0776
208,1,1681362029200.0,2105.95,0.0719,2148.79,0.0776
209,1,1681362029300.0,2105.97,0.0719,2148.78,0.0126
210,1,1681362029400.0,2105.97,0.0719,2148.77,0.0776
211,1,1681362029500.0,2105.98,0.0013,2148.76,0.0082
212,1,1681362029600.0,2105.99,0.0719,2148.75,0.0776
213,1,1681362029700.0,2106.0,0.0013,2148.74,0.0111
214,1,1681362029800.0,2106.0,0.0013,2148.74,0.0014999999999999996
215,1,1681362029900.0,2106.01,0.0719,2148.73,0.0776
216,1,1681362030100.0,2106.02,0.0013,2148.73,0.0776
217,1,1681362030200.0,2106.02,0.0013,2148.72,0.0088
218,1,1681362030300.0,2106.03,0.0719,2148.71,0.0776
219,1,1681362030400.0,2106.04,0.0013,2148.71,0.0776
220,1,1681362030500.0,2106.04,0.0013,2148.69,0.0776
221,1,1681362030600.0,2105.7,0.0013,2148.68,0.006699999999999999
222,1,1681362030700.0,2105.7,0.0013,2148.68,0.011099999999999999
223,1,1681362030800.0,2105.71,0.0719,2148.67,0.0887
224,1,1681362030900.0,2105.72,0.0013,2148.66,0.0015
225,1,1681362031000.0,2105.73,0.0719,2148.65,0.0776
226,1,1681362031100.0,2105.73,0.0719,2148.65,0.0776
227,1,1681362031200.0,2105.74,0.0013,2148.64,0.0126
228,1,1681362031300.0,2105.75,0.0719,2148.63,0.0776
229,1,1681362031400.0,2105.76,0.0013,2148.62,0.0111
230,1,1681362031500.0,2105.76,0.0013,2148.62,0.0111
231,1,1681362031600.0,2105.77,0.0719,2148.61,0.0776
232,1,1681362031700.0,2105.78,0.0013,2148.61,0.0776
233,1,1681362031800.0,2105.78,0.0013,2148.6,0.0067
234,1,1681362031900.0,2105.78,0.0013,2148.6,0.0126
235,1,1681362032000.0,2105.79,0.0719,2148.59,0.0776
236,1,1681362032100.0,2105.79,0.0719,2148.59,0.0776
237,1,1681362032200.0,2105.81,0.0719,2148.58,0.0126
238,1,1681362032300.0,2105.82,0.0013,2148.57,0.0776
239,1,1681362032400.0,2105.82,0.0013,2148.57,0.0776
240,1,1681362032500.0,2105.83,0.0719,2148.56,0.0053
241,1,1681362032600.0,2105.84,0.0013,2148.55,0.0776
242,1,1681362032700.0,2105.85,0.0719,2148.55,0.0776
243,1,1681362032800.0,2105.86,0.0013,2148.54,0.0126
244,1,1681362032900.0,2105.86,0.0013,2148.54,0.0014999999999999996
245,1,1681362033000.0,2105.87,0.0719,2148.54,0.0014999999999999996
246,1,1681362033100.0,2105.87,0.0719,2148.53,0.0776
247,1,1681362033200.0,2105.89,0.0719,2148.53,0.0776
248,1,1681362033300.0,2105.89,0.0719,2148.51,0.0776
249,1,1681362033400.0,2105.9,0.0013,2148.51,0.0776
250,1,1681362033500.0,2105.91,0.0719,2148.49,0.0776
251,1,1681362033600.0,2105.92,0.0013,2148.48,0.0082
252,1,1681362033700.0,2105.92,0.0013,2148.48,0.004399999999999999
253,1,1681362033800.0,2105.93,0.0719,2148.47,0.0776
254,1,1681362033900.0,2105.94,0.0013,2148.46,0.0029
255,1,1681362034000.0,2105.94,0.0013,2148.45,0.0044
256,1,1681362034100.0,2105.95,0.0719,2148.45,0.0776
257,1,1681362034200.0,2105.96,0.0013,2148.44,0.0082
258,1,1681362034300.0,2105.96,0.0013,2148.44,0.0014999999999999996
259,1,1681362034400.0,2105.97,0.0719,2148.43,0.0776
260,1,1681362034500.0,2105.97,0.0719,2148.43,0.0776
261,1,1681362034600.0,2105.99,0.0719,2148.41,0.0776
262,1,1681362034700.0,2105.99,0.0719,2148.41,0.0776
263,1,1681362034800.0,2105.99,0.0719,2148.4,0.0082
264,1,1681362034900.0,2106.0,0.0013,2148.4,0.0082
265,1,1681362035000.0,2106.01,0.0719,2148.39,0.0776
266,1,1681362035200.0,2106.02,0.0013,2148.38,0.0082
267,1,1681362035400.0,2106.02,0.0013,2148.38,0.004399999999999999
268,1,1681362035700.0,2106.04,0.0013,2148.36,0.0015
269,1,1681362035900.0,2106.04,0.0013,2148.36,0.0014999999999999996
270,1,1681362036000.0,2106.06,0.0013,2148.34,0.0029
271,1,1681362036200.0,2106.06,0.0013,2148.34,0.0014999999999999996
272,1,1681362036300.0,2106.06,0.0013,2148.34,0.0014999999999999996
273,1,1681362036700.0,2106.06,0.0013,2148.34,0.0014999999999999996
274,1,1681362036800.0,2106.07,0.0013,2148.33,0.0015
275,1,1681362036900.0,2106.07,0.0013,2148.33,0.0791
276,1,1681362037000.0,2105.71,0.0719,2148.33,0.0776
277,1,1681362037100.0,2105.72,0.0013,2148.32,0.0053
278,1,1681362037200.0,2105.73,0.0719,2148.31,0.0776
279,1,1681362037300.0,2105.73,0.0719,2148.31,0.0776
280,1,1681362037400.0,2105.74,0.0013,2148.3,0.0111
281,1,1681362037600.0,2105.75,0.0719,2148.3,0.005300000000000001
282,1,1681362037700.0,2105.75,0.0719,2148.3,0.0126
283,1,1681362037800.0,2105.76,0.0013,2150.98,0.0111
284,1,1681362037900.0,2105.76,0.0013,2150.99,0.0776
285,1,1681362038100.0,2105.77,0.0719,2150.97,0.0776
286,1,1681362038200.0,2105.78,0.0013,2150.96,0.011099999999999999
287,1,1681362038400.0,2105.79,0.0719,2150.95,0.0776
288,1,1681362038500.0,2105.8,0.0013,2150.95,0.0776
289,1,1681362038600.0,2105.81,0.0719,2150.99,0.0776
290,1,1681362038700.0,2105.81,0.0719,2150.94,0.0111
291,1,1681362038800.0,2105.82,0.0013,2150.99,0.0776
292,1,1681362038900.0,2105.83,0.0719,2150.98,0.0126
293,1,1681362039000.0,2105.83,0.0719,2150.97,0.0776
294,1,1681362039100.0,2105.84,0.0013,2150.96,0.0111
295,1,1681362039200.0,2105.84,0.0013,2150.96,0.0014999999999999996
296,1,1681362039300.0,2105.85,0.0719,2150.95,0.0776
297,1,1681362039400.0,2105.86,0.0013,2150.95,0.0776
298,1,1681362039600.0,2105.86,0.0013,2150.94,0.0126
299,1,1681362039700.0,2105.87,0.0719,2150.93,0.0858
300,1,1681362039800.0,2105.88,0.0013,2150.92,0.0029
301,1,1681362039900.0,2105.89,0.0719,2150.92,0.0044
302,1,1681362040000.0,2105.89,0.0719,2150.91,0.0776
303,1,1681362040100.0,2105.9,0.0013,2150.9,0.0044
304,1,1681362040200.0,2105.91,0.0719,2150.89,0.0776
305,1,1681362040400.0,2105.92,0.0013,2150.88,0.0044
306,1,1681362040500.0,2105.93,0.0719,2150.88,0.006699999999999999
307,1,1681362040600.0,2105.93,0.0719,2150.87,0.0776
308,1,1681362040700.0,2105.94,0.0013,2150.86,0.0067
309,1,1681362040900.0,2105.95,0.0719,2150.85,0.0776
310,1,1681362041000.0,2105.96,0.0013,2150.84,0.0044
311,1,1681362041100.0,2105.96,0.0013,2150.84,0.008199999999999999
312,1,1681362041200.0,2105.97,0.0719,2150.83,0.0776
313,1,1681362041300.0,2105.98,0.0013,2150.82,0.0067
314,1,1681362041400.0,2105.98,0.0013,2150.82,0.0088
315,1,1681362041500.0,2105.99,0.0719,2150.81,0.0776
316,1,1681362041600.0,2105.99,0.0719,2150.8,0.0044
317,1,1681362041700.0,2106.0,0.0013,2150.8,0.0082
318,1,1681362041800.0,2106.0,0.0013,2150.8,0.0126
319,1,1681362041900.0,2106.01,0.0719,2150.79,0.0776
320,1,1681362042000.0,2106.02,0.0013,2150.78,0.0044
321,1,1681362042100.0,2106.03,0.0719,2150.77,0.0776
322,1,1681362042200.0,2106.03,0.0719,2150.77,0.0776
323,1,1681362042300.0,2106.05,0.0719,2150.75,0.0776
324,1,1681362042400.0,2106.06,0.0013,2150.74,0.0044
325,1,1681362042500.0,2106.06,0.0013,2150.74,0.0044
326,1,1681362042600.0,2106.06,0.0013,2150.73,0.0044
327,1,1681362042700.0,2106.06,0.0013,2150.72,0.0776
328,1,1681362042800.0,2105.7,0.0013,2150.71,0.0044
329,1,1681362042900.0,2105.7,0.0013,2150.71,0.008199999999999999
330,1,1681362043000.0,2105.71,0.0719,2150.7,0.0776
331,1,1681362043100.0,2105.72,0.0013,2150.69,0.0067
332,1,1681362043200.0,2105.72,0.0013,2150.69,0.0088
333,1,1681362043300.0,2105.73,0.0719,2150.68,0.0776
334,1,1681362043400.0,2105.74,0.0013,2150.67,0.006699999999999999
335,1,1681362043500.0,2105.75,0.0719,2150.66,0.0843
336,1,1681362043600.0,2105.76,0.0013,2150.65,0.005900000000000001
337,1,1681362043700.0,2105.76,0.0013,2150.65,0.008199999999999999
338,1,1681362043800.0,2105.77,0.0719,2150.64,0.0776
339,1,1681362043900.0,2105.78,0.0013,2150.63,0.0038
340,1,1681362044000.0,2105.79,0.0719,2150.62,0.0776
341,1,1681362044100.0,2105.8,0.0013,2150.61,0.0038
342,1,1681362044300.0,2105.81,0.0719,2150.6,0.0776
343,1,1681362044400.0,2105.82,0.0013,2150.59,0.0038
344,1,1681362044500.0,2105.83,0.0719,2150.58,0.0776
345,1,1681362044600.0,2105.83,0.0719,2150.58,0.0776
346,1,1681362044700.0,2105.84,0.0013,2150.57,0.0082
347,1,1681362044800.0,2105.84,0.0013,2150.57,0.0082
348,1,1681362044900.0,2105.85,0.0719,2150.56,0.0776
349,1,1681362045000.0,2105.85,0.0719,2150.56,0.0776
350,1,1681362045100.0,2105.86,0.0013,2150.55,0.0073
351,1,1681362045200.0,2105.86,0.0013,2150.55,0.0053
352,1,1681362045300.0,2105.87,0.0719,2150.54,0.0776
353,1,1681362045400.0,2105.88,0.0013,2150.53,0.0073
354,1,1681362045500.0,2105.88,0.0013,2150.53,0.0088
355,1,1681362045600.0,2105.89,0.0719,2150.52,0.0776
356,1,1681362045700.0,2105.9,0.0013,2150.51,0.0029
357,1,1681362045800.0,2105.9,0.0013,2150.51,0.0082
358,1,1681362045900.0,2105.91,0.0719,2150.5,0.0776
359,1,1681362046000.0,2105.91,0.0719,2150.5,0.1482
360,1,1681362046500.0,2105.91,0.0719,2150.5,0.1482
361,1,1681362046600.0,2105.92,0.0013,2150.49,0.0044
362,1,1681362046700.0,2105.93,0.0719,2150.48,0.0849
363,1,1681362046800.0,2105.93,0.0719,2150.48,0.0849
364,1,1681362046900.0,2105.94,0.0013,2150.47,0.004399999999999999
365,1,1681362047000.0,2105.95,0.0719,2150.46,0.0776
366,1,1681362047100.0,2105.96,0.0013,2150.45,0.0029
367,1,1681362047200.0,2105.96,0.0013,2150.45,0.005900000000000001
368,1,1681362047300.0,2105.97,0.0719,2150.44,0.0776
369,1,1681362047400.0,2105.98,0.0013,2150.43,0.0044
370,1,1681362047500.0,2105.98,0.0013,2150.43,0.0044
371,1,1681362047700.0,2105.99,0.0719,2150.42,0.0776
372,1,1681362047800.0,2106.0,0.0013,2150.41,0.0082
373,1,1681362047900.0,2106.0,0.0013,2150.41,0.004399999999999999
374,1,1681362048000.0,2106.01,0.0719,2150.4,0.0776
375,1,1681362048100.0,2106.02,0.0013,2150.39,0.004399999999999999
376,1,1681362048300.0,2106.03,0.0719,2150.38,0.0776
377,1,1681362048400.0,2106.04,0.0013,2150.37,0.0082
378,1,1681362048500.0,2106.05,0.0719,2150.36,0.0776
379,1,1681362048600.0,2106.05,0.0719,2150.36,0.0776
380,1,1681362048700.0,2106.06,0.0013,2150.34,0.0776
381,1,1681362048800.0,2105.7,0.0013,2150.33,0.0082
382,1,1681362048900.0,2105.71,0.0719,2150.32,0.0776
383,1,1681362049000.0,2105.72,0.0013,2150.31,0.0082
384,1,1681362049100.0,2105.72,0.0013,2150.31,0.004399999999999999
385,1,1681362049200.0,2105.73,0.0719,2150.3,0.0776
386,1,1681362049300.0,2105.74,0.0013,2150.29,0.0029
387,1,1681362049400.0,2105.75,0.0719,2150.28,0.0776
388,1,1681362049500.0,2105.76,0.0013,2150.27,0.0029
389,1,1681362049700.0,2105.76,0.0013,2150.27,0.004399999999999999
390,1,1681362049800.0,2105.77,0.0719,2150.26,0.0776
391,1,1681362049900.0,2105.77,0.0719,2150.26,0.0776
392,1,1681362050000.0,2105.78,0.0013,2150.25,0.0126
393,1,1681362050100.0,2105.78,0.0013,2150.25,0.0014999999999999996
394,1,1681362050200.0,2105.78,0.0013,2150.24,0.0776
395,1,1681362050300.0,2105.8,0.0013,2150.24,0.0776
396,1,1681362050400.0,2105.8,0.0013,2150.23,0.0029
397,1,1681362050500.0,2105.8,0.0013,2150.23,0.0126
398,1,1681362050600.0,2105.81,0.0719,2150.22,0.0776
399,1,1681362050700.0,2105.82,0.0013,2150.22,0.0776
400,1,1681362050800.0,2105.83,0.0719,2150.21,0.008799999999999999
401,1,1681362050900.0,2105.84,0.0013,2150.49,0.0776
402,1,1681362051000.0,2105.84,0.0013,2150.48,0.0088
403,1,1681362051100.0,2105.85,0.0719,2150.47,0.0776
404,1,1681362051200.0,2105.86,0.0013,2150.46,0.0073
405,1,1681362051300.0,2105.87,0.0719,2150.45,0.0776
406,1,1681362051400.0,2105.87,0.0719,2150.45,0.0776
407,1,1681362051500.0,2105.88,0.0013,2150.44,0.0073
408,1,1681362051600.0,2105.89,0.0719,2150.43,0.0776
409,1,1681362051700.0,2105.9,0.0013,2150.43,0.0776
410,1,1681362051800.0,2105.91,0.0719,2150.49,0.0776
411,1,1681362051900.0,2105.91,0.0719,2150.42,0.0111
412,1,1681362052000.0,2105.93,0.0719,2150.48,0.0111
413,1,1681362052100.0,2105.93,0.0719,2150.48,0.0111
414,1,1681362052200.0,2105.95,0.0719,2150.49,0.0776
415,1,1681362052300.0,2105.96,0.0013,2150.48,0.0111
416,1,1681362052400.0,2105.96,0.0013,2150.47,0.0776
417,1,1681362052500.0,2105.98,0.0013,2150.47,0.0776
418,1,1681362052600.0,2105.98,0.0013,2150.46,0.0111
419,1,1681362052700.0,2105.99,0.0719,2150.45,0.0776
420,1,1681362052800.0,2105.99,0.0719,2150.45,0.0776
421,1,1681362053000.0,2106.0,0.0013,2150.44,0.0082
422,1,1681362053100.0,2106.01,0.0719,2150.43,0.0776
423,1,1681362053200.0,2106.02,0.0013,2150.43,0.0776
424,1,1681362053300.0,2106.02,0.0013,2150.42,0.0082
425,1,1681362053400.0,2106.02,0.0013,2150.42,0.0015000000000000005
426,1,1681362053500.0,2106.03,0.0719,2150.41,0.0776
427,1,1681362053600.0,2106.03,0.0719,2150.41,0.0776
428,1,1681362053700.0,2106.04,0.0013,2150.4,0.0082
429,1,1681362053800.0,2106.04,0.0013,2150.4,0.0126
430,1,1681362053900.0,2106.05,0.0719,2150.39,0.0776
431,1,1681362054000.0,2106.06,0.0013,2150.38,0.0044
432,1,1681362054100.0,2106.06,0.0013,2150.37,0.0776
433,1,1681362054200.0,2105.7,0.0013,2150.36,0.0044
434,1,1681362054400.0,2105.72,0.0013,2150.34,0.0044
435,1,1681362054600.0,2105.72,0.0013,2150.34,0.0097
436,1,1681362054700.0,2105.73,0.0719,2150.33,0.0776
437,1,1681362054800.0,2105.74,0.0013,2150.32,0.0082
438,1,1681362054900.0,2105.75,0.0719,2150.31,0.0776
439,1,1681362055000.0,2105.75,0.0719,2150.31,0.0776
440,1,1681362055100.0,2105.76,0.0013,2150.3,0.0029
441,1,1681362055200.0,2105.77,0.0719,2150.29,0.0776
442,1,1681362055300.0,2105.77,0.0719,2150.29,0.0776
443,1,1681362055400.0,2105.78,0.0013,2150.28,0.0082
444,1,1681362055500.0,2105.79,0.0719,2150.27,0.0776
445,1,1681362055600.0,2105.8,0.0013,2150.26,0.0082
446,1,1681362055800.0,2105.8,0.0013,2150.25,0.0776
447,1,1681362055900.0,2105.81,0.0719,2150.25,0.0776
448,1,1681362056500.0,2105.81,0.0719,2150.25,0.0776
449,1,1681362056600.0,2105.82,0.0013,2150.24,0.0126
450,1,1681362056700.0,2105.82,0.0013,2150.49,0.0776
451,1,1681362056800.0,2105.82,0.0013,2150.48,0.0038
452,1,1681362056900.0,2105.84,0.0013,2150.47,0.0776
453,1,1681362057100.0,2105.85,0.0719,2150.45,0.0776
454,1,1681362057200.0,2105.86,0.0013,2150.44,0.0038
455,1,1681362057400.0,2105.87,0.0719,2150.43,0.0776
456,1,1681362057600.0,2105.88,0.0013,2150.43,0.0776
457,1,1681362057700.0,2105.89,0.0719,2150.49,0.0776
458,1,1681362057800.0,2105.9,0.0013,2150.48,0.0067
459,1,1681362057900.0,2105.9,0.0013,2150.48,0.0059
460,1,1681362058000.0,2105.91,0.0719,2150.47,0.0776
461,1,1681362058200.0,2105.92,0.0013,2150.46,0.0044
462,1,1681362058300.0,2105.93,0.0719,2150.45,0.0776
463,1,1681362058400.0,2105.94,0.0013,2150.44,0.0044
464,1,1681362058500.0,2105.95,0.0719,2150.43,0.0776
465,1,1681362058600.0,2105.96,0.0013,2150.42,0.0044
466,1,1681362058800.0,2105.97,0.0719,2150.41,0.0776
467,1,1681362058900.0,2105.97,0.0719,2150.41,0.082
468,1,1681362059000.0,2105.99,0.0719,2150.39,0.0776
469,1,1681362059200.0,2106.0,0.0013,2150.38,0.0038
470,1,1681362059300.0,2106.01,0.0719,2150.37,0.0776
471,1,1681362059400.0,2106.02,0.0013,2150.36,0.0038
472,1,1681362059500.0,2106.03,0.0719,2150.35,0.0776
473,1,1681362059600.0,2106.04,0.0013,2150.34,0.0038
474,1,1681362059700.0,2106.04,0.0013,2150.34,0.0082
475,1,1681362059800.0,2106.04,0.0013,2150.34,0.008800000000000002
476,1,1681362059900.0,2106.05,0.0719,2150.33,0.0776
477,1,1681362060000.0,2106.05,0.0719,2150.32,0.0038
478,1,1681362060100.0,2106.06,0.0013,2150.31,0.0776
479,1,1681362060200.0,2105.7,0.0013,2150.3,0.006699999999999999
480,1,1681362060400.0,2105.71,0.0719,2150.29,0.0776
481,1,1681362060500.0,2105.72,0.0013,2150.28,0.006699999999999999
482,1,1681362060600.0,2105.73,0.0719,2150.27,0.0776
483,1,1681362060700.0,2105.74,0.0013,2150.26,0.006699999999999999
484,1,1681362060900.0,2105.75,0.0719,2150.25,0.0776
485,1,1681362061100.0,2105.76,0.0013,2150.25,0.0776
486,1,1681362061200.0,2105.76,0.0013,2150.24,0.0067
487,1,1681362061300.0,2105.77,0.0719,2150.23,0.0776
488,1,1681362061400.0,2105.78,0.0013,2150.22,0.0067
489,1,1681362061500.0,2105.78,0.0013,2150.23,0.0776
490,1,1681362061700.0,2105.78,0.0013,2150.23,0.0776
491,1,1681362061800.0,2105.8,0.0013,2150.2,0.0126
492,1,1681362061900.0,2105.8,0.0013,2150.2,0.0014999999999999996
493,1,1681362062000.0,2105.8,0.0013,2150.2,0.005299999999999999
494,1,1681362062100.0,2105.8,0.0013,2150.2,0.0014999999999999996
495,1,1681362062200.0,2105.8,0.0013,2150.2,0.0126
496,1,1681362062300.0,2105.8,0.0013,2150.2,0.0126
497,1,1681362062400.0,2105.81,0.0719,2150.2,0.0126
498,1,1681362062600.0,2105.82,0.0013,2150.98,0.0111
499,1,1681362062700.0,2105.82,0.0013,2150.97,0.0776
500,1,1681362062800.0,2105.7,0.0013,2150.96,0.0044
501,1,1681362062900.0,2105.7,0.0013,2150.96,0.0015000000000000005
502,1,1681362063000.0,2105.71,0.0719,2150.95,0.0776
503,1,1681362063100.0,2105.71,0.0719,2150.95,0.0776
504,1,1681362063200.0,2105.72,0.0013,2150.95,0.0776
505,1,1681362063300.0,2105.73,0.0719,2150.93,0.0776
506,1,1681362063400.0,2105.74,0.0013,2150.92,0.0044
507,1,1681362063500.0,2105.74,0.0013,2150.92,0.005900000000000001
508,1,1681362063600.0,2105.75,0.0719,2150.91,0.0776
509,1,1681362063800.0,2105.76,0.0013,2150.9,0.0059
510,1,1681362063900.0,2105.77,0.0719,2150.89,0.0776
511,1,1681362064000.0,2105.78,0.0013,2150.88,0.0044
512,1,1681362064200.0,2105.79,0.0719,2150.87,0.0776
513,1,1681362064400.0,2105.8,0.0013,2150.86,0.006699999999999999
514,1,1681362064500.0,2105.81,0.0719,2150.85,0.0776
515,1,1681362064600.0,2105.81,0.0719,2150.85,0.0776
516,1,1681362064700.0,2105.83,0.0719,2150.83,0.0776
517,1,1681362064800.0,2105.84,0.0013,2150.82,0.006699999999999999
518,1,1681362064900.0,2105.84,0.0013,2150.82,0.005899999999999999
519,1,1681362065000.0,2105.85,0.0719,2150.81,0.0776
520,1,1681362065100.0,2105.86,0.0013,2150.8,0.0044
521,1,1681362065200.0,2105.86,0.0013,2150.8,0.0097
522,1,1681362065300.0,2105.87,0.0719,2150.79,0.0776
523,1,1681362065400.0,2105.88,0.0013,2150.78,0.006699999999999999
524,1,1681362065500.0,2105.88,0.0013,2150.78,0.005899999999999999
525,1,1681362065600.0,2105.89,0.0719,2150.77,0.0776
526,1,1681362065700.0,2105.89,0.0719,2150.77,0.0901
527,1,1681362066200.0,2105.9,0.0013,2150.76,0.0067
528,1,1681362066300.0,2105.91,0.0719,2150.75,0.0776
529,1,1681362066500.0,2105.92,0.0013,2150.74,0.006699999999999999
530,1,1681362066600.0,2105.93,0.0719,2150.73,0.0776
531,1,1681362066700.0,2105.94,0.0013,2150.72,0.006699999999999999
532,1,1681362066800.0,2105.94,0.0013,2150.72,0.0059
533,1,1681362066900.0,2105.95,0.0719,2150.71,0.0776
534,1,1681362067000.0,2105.96,0.0013,2150.7,0.0067
535,1,1681362067100.0,2105.97,0.0719,2150.69,0.0776
536,1,1681362067300.0,2105.98,0.0013,2150.68,0.0067
537,1,1681362067400.0,2105.99,0.0719,2150.67,0.0776
538,1,1681362067500.0,2106.0,0.0013,2150.66,0.0044
539,1,1681362067700.0,2106.01,0.0719,2150.65,0.0776
540,1,1681362067800.0,2106.02,0.0013,2150.64,0.0044
541,1,1681362067900.0,2106.02,0.0013,2150.64,0.005900000000000001
542,1,1681362068000.0,2106.03,0.0719,2150.63,0.0776
543,1,1681362068200.0,2106.04,0.0013,2150.62,0.008199999999999999
544,1,1681362068300.0,2106.05,0.0719,2150.62,0.0014999999999999987
545,1,1681362068400.0,2106.06,0.0013,2150.98,0.0067
546,1,1681362068500.0,2106.06,0.0013,2150.97,0.0776
547,1,1681362068700.0,2105.7,0.0013,2150.96,0.0059000000000000025
548,1,1681362068800.0,2105.71,0.0719,2150.95,0.0776
549,1,1681362069000.0,2105.73,0.0719,2150.93,0.0776
550,1,1681362069100.0,2105.74,0.0013,2150.92,0.0044
551,1,1681362069200.0,2105.74,0.0013,2150.92,0.0111
552,1,1681362069300.0,2105.75,0.0719,2150.91,0.0776
553,1,1681362069400.0,2105.76,0.0013,2150.9,0.0111
554,1,1681362069500.0,2105.77,0.0719,2150.89,0.0776
555,1,1681362069600.0,2105.78,0.0013,2150.88,0.0067
556,1,1681362069800.0,2105.78,0.0013,2150.88,0.0044
557,1,1681362069900.0,2105.79,0.0719,2150.87,0.0776
558,1,1681362070100.0,2105.8,0.0013,2150.86,0.0067
559,1,1681362070200.0,2105.8,0.0013,2150.86,0.0067
560,1,1681362070300.0,2105.81,0.0719,2150.85,0.0776
561,1,1681362070500.0,2105.81,0.0719,2150.85,0.0776
562,1,1681362070700.0,2105.82,0.0013,2150.84,0.006699999999999999
563,1,1681362070800.0,2105.83,0.0719,2150.83,0.0776
564,1,1681362071000.0,2105.84,0.0013,2150.82,0.005900000000000001
565,1,1681362071200.0,2105.85,0.0719,2150.8,0.0776
566,1,1681362071400.0,2105.86,0.0013,2150.79,0.0038
567,1,1681362071500.0,2105.87,0.0719,2150.79,0.004400000000000001
568,1,1681362071600.0,2105.88,0.0013,2150.77,0.0038
569,1,1681362071700.0,2105.88,0.0013,2150.77,0.0038
570,1,1681362071800.0,2105.89,0.0719,2150.76,0.0776
571,1,1681362072000.0,2105.9,0.0013,2150.75,0.0029
572,1,1681362072100.0,2105.9,0.0013,2150.75,0.005299999999999999
573,1,1681362072200.0,2105.91,0.0719,2150.74,0.0776
574,1,1681362072300.0,2105.91,0.0719,2150.74,0.0776
575,1,1681362072400.0,2105.92,0.0013,2150.73,0.0038
576,1,1681362072500.0,2105.93,0.0719,2150.72,0.0776
577,1,1681362072600.0,2105.94,0.0013,2150.71,0.0073
578,1,1681362072700.0,2105.94,0.0013,2150.71,0.0126
579,1,1681362072800.0,2105.95,0.0719,2150.7,0.0776
580,1,1681362072900.0,2105.96,0.0013,2150.69,0.0038
581,1,1681362073000.0,2105.96,0.0013,2150.69,0.0126
582,1,1681362073100.0,2105.97,0.0719,2150.68,0.0776
583,1,1681362073200.0,2105.98,0.0013,2150.67,0.0044
584,1,1681362073300.0,2105.98,0.0013,2150.67,0.0044
585,1,1681362073400.0,2105.98,0.0013,2150.67,0.0053
586,1,1681362073500.0,2106.0,0.0013,2150.65,0.0044
587,1,1681362073600.0,2106.0,0.0013,2150.65,0.0053
588,1,1681362073700.0,2106.01,0.0719,2150.64,0.0776
589,1,1681362073900.0,2106.03,0.0719,2150.62,0.0776
590,1,1681362074000.0,2106.04,0.0013,2150.61,0.0038
591,1,1681362074200.0,2106.04,0.0013,2150.61,0.005900000000000001
592,1,1681362074300.0,2106.05,0.0719,2150.59,0.0067
593,1,1681362074400.0,2106.06,0.0013,2150.59,0.0067
594,1,1681362074500.0,2106.06,0.0013,2150.58,0.0776
595,1,1681362074600.0,2106.06,0.0013,2150.58,0.0843
596,1,1681362074700.0,2106.07,0.0013,2150.57,0.0126
597,1,1681362074800.0,2105.7,0.0013,2150.56,0.0776
598,1,1681362074900.0,2105.71,0.0719,2150.55,0.0038
599,1,1681362075000.0,2105.72,0.0013,2150.55,0.005900000000000001
600,1,1681362075100.0,2105.72,0.0013,2150.55,0.008199999999999999
601,1,1681362075300.0,2105.73,0.0719,2150.54,0.0776
602,1,1681362075400.0,2105.73,0.0719,2150.54,0.0776
603,1,1681362075800.0,2105.74,0.0013,2150.54,0.0776
604,1,1681362075900.0,2105.75,0.0719,2150.53,0.0082
605,1,1681362076000.0,2105.76,0.0013,2150.53,0.005900000000000002
606,1,1681362076100.0,2105.76,0.0013,2150.52,0.0776
607,1,1681362076200.0,2105.76,0.0013,2150.51,0.0044
608,1,1681362076300.0,2105.77,0.0719,2150.51,0.0044
609,1,1681362076400.0,2105.78,0.0013,2150.49,0.0044
610,1,1681362076500.0,2105.79,0.0719,2150.49,0.008199999999999999
611,1,1681362076600.0,2105.79,0.0719,2150.48,0.0776
612,1,1681362076700.0,2105.81,0.0719,2150.47,0.0067
613,1,1681362076800.0,2105.81,0.0719,2150.46,0.0776
614,1,1681362076900.0,2105.83,0.0719,2150.45,0.0029
615,1,1681362077000.0,2105.83,0.0719,2150.45,0.0059
616,1,1681362077100.0,2105.84,0.0013,2150.44,0.0776
617,1,1681362077200.0,2105.84,0.0013,2150.43,0.0044
618,1,1681362077300.0,2105.84,0.0013,2150.43,0.0044
619,1,1681362077400.0,2105.86,0.0013,2150.41,0.0082
620,1,1681362077500.0,2105.86,0.0013,2150.41,0.0059
621,1,1681362077600.0,2105.86,0.0013,2150.41,0.008199999999999999
622,1,1681362077700.0,2105.87,0.0719,2150.4,0.0776
623,1,1681362077800.0,2105.87,0.0719,2150.4,0.0776
624,1,1681362077900.0,2105.88,0.0013,2150.39,0.0067
625,1,1681362078000.0,2105.89,0.0719,2150.38,0.0843
626,1,1681362078200.0,2105.9,0.0013,2150.37,0.0059
627,1,1681362078300.0,2105.91,0.0719,2150.36,0.0776
628,1,1681362078500.0,2105.92,0.0013,2150.35,0.0053
629,1,1681362078600.0,2105.93,0.0719,2150.34,0.0776
630,1,1681362078700.0,2105.94,0.0013,2150.33,0.0038
631,1,1681362078800.0,2105.94,0.0013,2150.33,0.0038
632,1,1681362078900.0,2105.95,0.0719,2150.33,0.0059
633,1,1681362079000.0,2105.96,0.0013,2150.98,0.0038
634,1,1681362079100.0,2105.96,0.0013,2150.98,0.005900000000000001
635,1,1681362079200.0,2105.96,0.0013,2150.98,0.0053
636,1,1681362079300.0,2105.97,0.0719,2150.97,0.0776
637,1,1681362079400.0,2105.97,0.0719,2150.97,0.0776
638,1,1681362079500.0,2105.99,0.0719,2150.95,0.0776
639,1,1681362079600.0,2106.0,0.0013,2150.94,0.0038
640,1,1681362079700.0,2106.0,0.0013,2150.94,0.0038
641,1,1681362079800.0,2106.01,0.0719,2150.93,0.0776
642,1,1681362079900.0,2106.02,0.0013,2150.92,0.0044
643,1,1681362080000.0,2106.02,0.0013,2150.92,0.0053
644,1,1681362080100.0,2106.03,0.0719,2150.91,0.0776
645,1,1681362080200.0,2106.03,0.0719,2150.91,0.0776
646,1,1681362080300.0,2106.04,0.0013,2150.9,0.0014999999999999996
647,1,1681362080400.0,2106.04,0.0013,2150.9,0.0059
648,1,1681362080500.0,2106.04,0.0013,2150.89,0.0776
649,1,1681362080600.0,2105.7,0.0013,2150.88,0.0044
650,1,1681362080700.0,2105.7,0.0013,2150.88,0.0044
651,1,1681362080800.0,2105.7,0.0013,2150.88,0.005900000000000001
652,1,1681362080900.0,2105.7,0.0013,2150.88,0.0044
653,1,1681362081000.0,2105.7,0.0013,2150.88,0.005900000000000001
654,1,1681362081100.0,2105.72,0.0013,2150.87,0.0776
655,1,1681362081200.0,2105.72,0.0013,2150.86,0.0082
656,1,1681362081400.0,2105.73,0.0719,2150.85,0.0776
657,1,1681362081600.0,2105.74,0.0013,2150.84,0.0082
658,1,1681362081700.0,2105.75,0.0719,2150.83,0.0776
659,1,1681362081800.0,2105.76,0.0013,2150.82,0.0038
660,1,1681362081900.0,2105.77,0.0719,2150.81,0.0776
661,1,1681362082000.0,2105.78,0.0013,2150.8,0.0082
662,1,1681362082100.0,2105.78,0.0013,2150.8,0.004400000000000001
663,1,1681362082200.0,2105.78,0.0013,2150.8,0.009700000000000002
664,1,1681362082300.0,2105.79,0.0719,2150.79,0.0776
665,1,1681362082400.0,2105.8,0.0013,2150.78,0.0082
666,1,1681362082500.0,2105.8,0.0013,2150.78,0.004399999999999999
667,1,1681362082600.0,2105.81,0.0719,2150.77,0.0776
668,1,1681362082800.0,2105.83,0.0719,2150.75,0.0776
669,1,1681362082900.0,2105.84,0.0013,2150.74,0.0029
670,1,1681362083000.0,2105.84,0.0013,2150.74,0.0097
671,1,1681362083100.0,2105.85,0.0719,2150.73,0.0776
672,1,1681362083200.0,2105.86,0.0013,2150.72,0.0044
673,1,1681362083300.0,2105.86,0.0013,2150.72,0.0044
674,1,1681362083400.0,2105.87,0.0719,2150.71,0.0776
675,1,1681362083600.0,2105.89,0.0719,2150.69,0.0776
676,1,1681362083700.0,2105.9,0.0013,2150.68,0.0029
677,1,1681362083800.0,2105.9,0.0013,2150.68,0.005899999999999999
678,1,1681362083900.0,2105.91,0.0719,2150.67,0.0776
679,1,1681362084000.0,2105.92,0.0013,2150.66,0.0044
680,1,1681362084100.0,2105.92,0.0013,2150.66,0.0044
681,1,1681362084200.0,2105.92,0.0013,2150.66,0.0097
682,1,1681362084300.0,2105.93,0.0719,2150.65,0.0776
683,1,1681362084400.0,2105.93,0.0719,2150.65,0.0776
684,1,1681362084500.0,2105.95,0.0719,2150.63,0.0776
685,1,1681362084600.0,2105.96,0.0013,2150.62,0.0082
686,1,1681362084700.0,2105.97,0.0719,2150.61,0.0776
687,1,1681362084800.0,2105.97,0.0719,2150.61,0.0776
688,1,1681362084900.0,2105.98,0.0013,2150.6,0.0082
689,1,1681362085000.0,2105.99,0.0719,2150.59,0.0776
690,1,1681362085600.0,2105.99,0.0719,2150.59,0.0858
691,1,1681362085700.0,2106.0,0.0013,2150.58,0.004399999999999999
692,1,1681362085800.0,2106.0,0.0013,2150.57,0.0776
693,1,1681362085900.0,2106.01,0.0719,2150.57,0.0776
694,1,1681362086000.0,2106.02,0.0013,2150.56,0.0029
695,1,1681362086100.0,2106.02,0.0013,2150.56,0.0097
696,1,1681362086200.0,2106.02,0.0013,2150.56,0.004399999999999999
697,1,1681362086300.0,2106.03,0.0719,2150.54,0.0776
698,1,1681362086400.0,2106.04,0.0013,2150.54,0.0776
699,1,1681362086500.0,2106.04,0.0013,2150.53,0.004399999999999999
700,1,1681362086600.0,2106.05,0.0719,2150.52,0.0776
701,1,1681362086700.0,2106.06,0.0013,2150.52,0.0776
702,1,1681362086800.0,2106.06,0.0013,2150.52,0.0776
703,1,1681362086900.0,2105.7,0.0013,2150.99,0.0776
704,1,1681362087100.0,2105.7,0.0013,2150.97,0.0776
705,1,1681362087200.0,2105.71,0.0719,2150.97,0.0776
706,1,1681362087300.0,2105.72,0.0013,2150.95,0.0776
707,1,1681362087400.0,2105.73,0.0719,2150.94,0.0029
708,1,1681362087500.0,2105.74,0.0013,2150.94,0.004399999999999999
709,1,1681362087600.0,2105.74,0.0013,2150.94,0.0014999999999999996
710,1,1681362087700.0,2105.75,0.0719,2150.93,0.0776
711,1,1681362087900.0,2105.76,0.0013,2150.93,0.0776
712,1,1681362088100.0,2105.77,0.0719,2150.92,0.0044
713,1,1681362088300.0,2105.78,0.0013,2150.99,0.0776
714,1,1681362088400.0,2105.79,0.0719,2150.99,0.0776
715,1,1681362088600.0,2105.8,0.0013,2150.98,0.0126
716,1,1681362088800.0,2105.81,0.0719,2150.97,0.0776
717,1,1681362088900.0,2105.82,0.0013,2150.96,0.0111
718,1,1681362089000.0,2105.82,0.0013,2150.96,0.0111
719,1,1681362089100.0,2105.83,0.0719,2150.95,0.0887
720,1,1681362089200.0,2105.84,0.0013,2150.94,0.0015
721,1,1681362089300.0,2105.84,0.0013,2150.94,0.0015
722,1,1681362089400.0,2105.85,0.0719,2150.93,0.0776
723,1,1681362089500.0,2105.86,0.0013,2150.92,0.0111
724,1,1681362089700.0,2105.86,0.0013,2150.91,0.0015
725,1,1681362089800.0,2105.87,0.0719,2150.91,0.0776
726,1,1681362089900.0,2105.87,0.0719,2150.91,0.0776
727,1,1681362090000.0,2105.88,0.0013,2150.9,0.0126
728,1,1681362090100.0,2105.89,0.0719,2150.89,0.0776
729,1,1681362090200.0,2105.9,0.0013,2150.88,0.0111
730,1,1681362090300.0,2105.9,0.0013,2150.88,0.0014999999999999996
731,1,1681362090500.0,2105.92,0.0013,2150.87,0.0776
732,1,1681362090700.0,2105.93,0.0719,2150.85,0.0776
733,1,1681362090800.0,2105.94,0.0013,2150.85,0.0776
734,1,1681362090900.0,2105.94,0.0013,2150.84,0.0126
735,1,1681362091000.0,2105.94,0.0013,2150.84,0.008199999999999999
736,1,1681362091100.0,2105.95,0.0719,2150.83,0.0776
737,1,1681362091200.0,2105.96,0.0013,2150.83,0.0776
738,1,1681362091400.0,2105.97,0.0719,2150.82,0.0014999999999999996
739,1,1681362091500.0,2105.98,0.0013,2150.98,0.0111
740,1,1681362091600.0,2105.99,0.0719,2150.97,0.0776
741,1,1681362091700.0,2105.99,0.0719,2150.97,0.0776
742,1,1681362091800.0,2106.0,0.0013,2150.96,0.0111
743,1,1681362091900.0,2106.01,0.0719,2150.95,0.0776
744,1,1681362092000.0,2106.02,0.0013,2150.95,0.0776
745,1,1681362092100.0,2106.03,0.0719,2150.94,0.0097
746,1,1681362092200.0,2106.03,0.0719,2150.94,0.0126
747,1,1681362092300.0,2106.04,0.0013,2150.93,0.0126
748,1,1681362092400.0,2106.05,0.0719,2150.93,0.0776
749,1,1681362092500.0,2106.05,0.0719,2150.93,0.1482
750,1,1681362092600.0,2106.06,0.0013,2150.92,0.0053
751,1,1681362092700.0,2106.06,0.0013,2150.91,0.0776
752,1,1681362092800.0,2105.7,0.0013,2150.9,0.0038
753,1,1681362092900.0,2105.71,0.0719,2150.89,0.0776
754,1,1681362093000.0,2105.72,0.0013,2150.88,0.0038
755,1,1681362093100.0,2105.72,0.0013,2150.88,0.008799999999999999
756,1,1681362093200.0,2105.73,0.0719,2150.87,0.0776
757,1,1681362093400.0,2105.74,0.0013,2150.86,0.0073
758,1,1681362093500.0,2105.75,0.0719,2150.85,0.0776
759,1,1681362093600.0,2105.76,0.0013,2150.84,0.0073
760,1,1681362093700.0,2105.77,0.0719,2150.84,0.0053
761,1,1681362093800.0,2105.77,0.0719,2150.83,0.0776
762,1,1681362093900.0,2105.78,0.0013,2150.82,0.0038
763,1,1681362094000.0,2105.78,0.0013,2150.82,0.0038
764,1,1681362094100.0,2105.79,0.0719,2150.81,0.0776
765,1,1681362094200.0,2105.79,0.0719,2150.81,0.0776
766,1,1681362094300.0,2105.8,0.0013,2150.79,0.0776
767,1,1681362094400.0,2105.82,0.0013,2150.78,0.0073
768,1,1681362094600.0,2105.83,0.0719,2150.77,0.0776
769,1,1681362094700.0,2105.84,0.0013,2150.76,0.0073
770,1,1681362094800.0,2105.85,0.0719,2150.76,0.0073
771,1,1681362094900.0,2105.86,0.0013,2150.74,0.0029
772,1,1681362095000.0,2105.86,0.0013,2150.74,0.0053
773,1,1681362095100.0,2105.87,0.0719,2150.73,0.0776
774,1,1681362095200.0,2105.87,0.0719,2150.73,0.0776
775,1,1681362095800.0,2105.88,0.0013,2150.72,0.0038
776,1,1681362095900.0,2105.89,0.0719,2150.71,0.0776
777,1,1681362096000.0,2105.9,0.0013,2150.7,0.0038
778,1,1681362096100.0,2105.9,0.0013,2150.7,0.005900000000000001
779,1,1681362096200.0,2105.91,0.0719,2150.69,0.0776
780,1,1681362096300.0,2105.91,0.0719,2150.69,0.0776
781,1,1681362096400.0,2105.92,0.0013,2150.68,0.0053
782,1,1681362096500.0,2105.93,0.0719,2150.67,0.0776
783,1,1681362096600.0,2105.94,0.0013,2150.66,0.0038
784,1,1681362096700.0,2105.94,0.0013,2150.66,0.005900000000000001
785,1,1681362096800.0,2105.95,0.0719,2150.65,0.0776
786,1,1681362096900.0,2105.96,0.0013,2150.64,0.0044
787,1,1681362097000.0,2105.96,0.0013,2150.64,0.008199999999999999
788,1,1681362097100.0,2105.97,0.0719,2150.63,0.0776
789,1,1681362097200.0,2105.98,0.0013,2150.62,0.006699999999999999
790,1,1681362097300.0,2105.99,0.0719,2150.61,0.0776
791,1,1681362097400.0,2106.0,0.0013,2150.6,0.0038
792,1,1681362097500.0,2106.0,0.0013,2150.6,0.006699999999999999
793,1,1681362097600.0,2106.0,0.0013,2150.6,0.008199999999999999
794,1,1681362097700.0,2106.01,0.0719,2150.59,0.0776
795,1,1681362097900.0,2106.02,0.0013,2150.58,0.005900000000000001
796,1,1681362098000.0,2106.03,0.0719,2150.57,0.0776
797,1,1681362098100.0,2106.03,0.0719,2150.57,0.0776
798,1,1681362098200.0,2106.04,0.0013,2150.56,0.0082
799,1,1681362098300.0,2106.04,0.0013,2150.55,0.0776
800,1,1681362098400.0,2105.7,0.0013,2150.54,0.0067
801,1,1681362098500.0,2105.7,0.0013,2150.54,0.0059
802,1,1681362098600.0,2105.71,0.0719,2150.53,0.0776
803,1,1681362098700.0,2105.72,0.0013,2150.52,0.0044
804,1,1681362098800.0,2105.72,0.0013,2150.52,0.0044
805,1,1681362098900.0,2105.74,0.0013,2150.5,0.0044
806,1,1681362099000.0,2105.74,0.0013,2150.5,0.0073
807,1,1681362099100.0,2105.74,0.0013,2150.5,0.008199999999999999
808,1,1681362099200.0,2105.75,0.0719,2150.49,0.0776
809,1,1681362099300.0,2105.76,0.0013,2150.48,0.0044
810,1,1681362099400.0,2105.76,0.0013,2150.48,0.008199999999999999
811,1,1681362099500.0,2105.77,0.0719,2150.48,0.008199999999999999
812,1,1681362099600.0,2105.77,0.0719,2150.47,0.0776
813,1,1681362099700.0,2105.78,0.0013,2150.46,0.0097
814,1,1681362099800.0,2105.79,0.0719,2150.46,0.0014999999999999996
815,1,1681362099900.0,2105.8,0.0013,2150.44,0.0038
816,1,1681362100000.0,2105.8,0.0013,2150.44,0.0038
817,1,1681362100100.0,2105.81,0.0719,2150.43,0.0776
818,1,1681362100200.0,2105.82,0.0013,2150.42,0.0029
819,1,1681362100300.0,2105.82,0.0013,2150.42,0.005299999999999999
820,1,1681362100400.0,2105.83,0.0719,2150.41,0.0776
821,1,1681362100500.0,2105.83,0.0719,2150.41,0.0776
822,1,1681362100600.0,2105.84,0.0013,2150.4,0.0038
823,1,1681362100800.0,2105.85,0.0719,2150.39,0.0776
824,1,1681362101000.0,2105.86,0.0013,2150.38,0.0097
825,1,1681362101100.0,2105.87,0.0719,2150.37,0.0776
826,1,1681362101300.0,2105.88,0.0013,2150.36,0.0082
827,1,1681362101400.0,2105.89,0.0719,2150.35,0.0776
828,1,1681362101500.0,2105.9,0.0013,2150.34,0.0029
829,1,1681362101700.0,2105.91,0.0719,2150.33,0.0776
830,1,1681362101800.0,2105.92,0.0013,2150.32,0.0082
831,1,1681362101900.0,2105.92,0.0013,2150.32,0.0053
832,1,1681362102000.0,2105.93,0.0719,2150.31,0.0776
833,1,1681362102100.0,2105.94,0.0013,2150.3,0.0082
834,1,1681362102300.0,2105.96,0.0013,2150.28,0.0082
835,1,1681362102400.0,2105.96,0.0013,2150.28,0.0014999999999999996
836,1,1681362102500.0,2105.97,0.0719,2150.28,0.0097
837,1,1681362102600.0,2105.97,0.0719,2150.28,0.0097
838,1,1681362102700.0,2105.98,0.0013,2150.27,0.0082
839,1,1681362102800.0,2105.99,0.0719,2150.26,0.0776
840,1,1681362102900.0,2105.99,0.0719,2150.26,0.0776
841,1,1681362103000.0,2106.0,0.0013,2150.24,0.0776
842,1,1681362103100.0,2105.7,0.0013,2150.23,0.0029
843,1,1681362103300.0,2105.71,0.0719,2150.22,0.0776
844,1,1681362103400.0,2105.72,0.0013,2150.21,0.0082
845,1,1681362103500.0,2105.73,0.0719,2150.2,0.0776
846,1,1681362103600.0,2105.74,0.0013,2150.19,0.0082
847,1,1681362103700.0,2105.75,0.0719,2150.18,0.0776
848,1,1681362103800.0,2105.76,0.0013,2150.17,0.0082
849,1,1681362103900.0,2105.76,0.0013,2150.17,0.0097
850,1,1681362104000.0,2105.76,0.0013,2150.16,0.0776
851,1,1681362104100.0,2105.77,0.0719,2150.16,0.0776
852,1,1681362104200.0,2105.78,0.0013,2150.15,0.0097
853,1,1681362104400.0,2105.8,0.0013,2150.13,0.0082
854,1,1681362104500.0,2105.8,0.0013,2150.13,0.0082
855,1,1681362104600.0,2105.81,0.0719,2150.12,0.0776
856,1,1681362104700.0,2105.82,0.0013,2150.11,0.0038
857,1,1681362104800.0,2105.82,0.0013,2150.11,0.0082
858,1,1681362104900.0,2105.83,0.0719,2150.1,0.0858
859,1,1681362105000.0,2105.84,0.0013,2150.09,0.0044
860,1,1681362105100.0,2105.85,0.0719,2150.08,0.0776
861,1,1681362105200.0,2105.85,0.0719,2150.08,0.0776
862,1,1681362105300.0,2105.86,0.0013,2150.07,0.0073
863,1,1681362105400.0,2105.87,0.0719,2150.06,0.0776
864,1,1681362106100.0,2105.88,0.0013,2150.05,0.0073
865,1,1681362106300.0,2105.89,0.0719,2150.04,0.0776
866,1,1681362106400.0,2105.9,0.0013,2150.03,0.0029
867,1,1681362106500.0,2105.91,0.0719,2150.02,0.0776
868,1,1681362106700.0,2105.93,0.0719,2150.0,0.0776
869,1,1681362106800.0,2105.94,0.0013,2149.99,0.0097
870,1,1681362107000.0,2105.94,0.0013,2149.99,0.004399999999999999
871,1,1681362107100.0,2105.95,0.0719,2149.98,0.0776
872,1,1681362107300.0,2105.96,0.0013,2149.97,0.0038
873,1,1681362107400.0,2105.96,0.0013,2149.97,0.0038
874,1,1681362107500.0,2105.97,0.0719,2149.96,0.0776
875,1,1681362107600.0,2105.98,0.0013,2149.95,0.004399999999999999
876,1,1681362107700.0,2105.98,0.0013,2149.95,0.005299999999999999
877,1,1681362107800.0,2105.99,0.0719,2149.94,0.0776
878,1,1681362107900.0,2106.0,0.0013,2149.93,0.0029
879,1,1681362108000.0,2106.0,0.0013,2149.93,0.005299999999999999
880,1,1681362108200.0,2106.0,0.0013,2149.93,0.0088
881,1,1681362108300.0,2106.01,0.0719,2149.92,0.0814
882,1,1681362108400.0,2106.02,0.0013,2149.91,0.008799999999999999
883,1,1681362108500.0,2106.02,0.0013,2149.91,0.005299999999999998
884,1,1681362108600.0,2106.03,0.0719,2149.9,0.0776
885,1,1681362108700.0,2106.04,0.0013,2149.89,0.0038
886,1,1681362108800.0,2106.04,0.0013,2149.89,0.0088
887,1,1681362109000.0,2106.04,0.0013,2149.89,0.0053
888,1,1681362109100.0,2106.04,0.0013,2149.88,0.0776
889,1,1681362109300.0,2105.7,0.0013,2149.87,0.0073
890,1,1681362109400.0,2105.7,0.0013,2149.87,0.005300000000000001
891,1,1681362109500.0,2105.71,0.0719,2149.86,0.0776
892,1,1681362109600.0,2105.72,0.0013,2149.85,0.0073
893,1,1681362109700.0,2105.72,0.0013,2149.85,0.008199999999999999
894,1,1681362109800.0,2105.73,0.0719,2149.84,0.0776
895,1,1681362109900.0,2105.74,0.0013,2149.83,0.0038
896,1,1681362110000.0,2105.74,0.0013,2149.83,0.0088
897,1,1681362110100.0,2105.75,0.0719,2149.82,0.0776
898,1,1681362110200.0,2105.76,0.0013,2149.81,0.0073
899,1,1681362110400.0,2105.76,0.0013,2149.81,0.0053
900,1,1681362110500.0,2105.77,0.0719,2149.79,0.0776
901,1,1681362110700.0,2105.78,0.0013,2149.78,0.0073
902,1,1681362110800.0,2105.79,0.0719,2149.77,0.0849
903,1,1681362111000.0,2105.81,0.0719,2149.75,0.0776
904,1,1681362111100.0,2105.81,0.0719,2149.74,0.0038
905,1,1681362111200.0,2105.82,0.0013,2149.74,0.0088
906,1,1681362111300.0,2105.83,0.0719,2149.73,0.0776
907,1,1681362111400.0,2105.84,0.0013,2149.73,0.0776
908,1,1681362111500.0,2105.84,0.0013,2149.72,0.0111
909,1,1681362111600.0,2105.84,0.0013,2149.72,0.0053
910,1,1681362111700.0,2105.85,0.0719,2149.71,0.0776
911,1,1681362111800.0,2105.86,0.0013,2149.7,0.0073
912,1,1681362111900.0,2105.87,0.0719,2149.69,0.0776
913,1,1681362112000.0,2105.88,0.0013,2149.68,0.0073
914,1,1681362112200.0,2105.89,0.0719,2149.67,0.0776
915,1,1681362112300.0,2105.9,0.0013,2149.67,0.0776
916,1,1681362112500.0,2105.91,0.0719,2149.65,0.0776
917,1,1681362112600.0,2105.91,0.0719,2149.65,0.0776
918,1,1681362112700.0,2105.92,0.0013,2149.65,0.0776
919,1,1681362112800.0,2105.93,0.0719,2149.64,0.0044
920,1,1681362112900.0,2105.94,0.0013,2150.99,0.0776
921,1,1681362113100.0,2105.94,0.0013,2150.98,0.0126
922,1,1681362113200.0,2105.95,0.0719,2150.97,0.0776
923,1,1681362113300.0,2105.95,0.0719,2150.97,0.0776
924,1,1681362113400.0,2105.96,0.0013,2150.96,0.0111
925,1,1681362113500.0,2105.96,0.0013,2150.96,0.008199999999999999
926,1,1681362113600.0,2105.97,0.0719,2150.95,0.0776
927,1,1681362113700.0,2105.98,0.0013,2150.94,0.004399999999999999
928,1,1681362113800.0,2105.98,0.0013,2150.94,0.0126
929,1,1681362113900.0,2105.99,0.0719,2150.93,0.0776
930,1,1681362114000.0,2106.0,0.0013,2150.92,0.0126
931,1,1681362114100.0,2106.0,0.0013,2150.92,0.0097
932,1,1681362114200.0,2106.0,0.0013,2150.92,0.0126
933,1,1681362114300.0,2106.01,0.0719,2150.91,0.0776
934,1,1681362114400.0,2106.02,0.0013,2150.9,0.0038
935,1,1681362114500.0,2106.03,0.0719,2150.89,0.0776
936,1,1681362114600.0,2106.04,0.0013,2150.88,0.0038
937,1,1681362114700.0,2106.04,0.0013,2150.88,0.0088
938,1,1681362114800.0,2106.04,0.0013,2150.87,0.0776
939,1,1681362114900.0,2106.04,0.0013,2150.87,0.0776
940,1,1681362115000.0,2105.7,0.0013,2150.86,0.0073
941,1,1681362115100.0,2105.71,0.0719,2150.85,0.0776
942,1,1681362115200.0,2105.71,0.0719,2150.85,0.0776
943,1,1681362115300.0,2105.72,0.0013,2150.84,0.005299999999999999
944,1,1681362115400.0,2105.73,0.0719,2150.83,0.0776
945,1,1681362115500.0,2105.74,0.0013,2150.82,0.0038
946,1,1681362115600.0,2105.74,0.0013,2150.82,0.0038
947,1,1681362115700.0,2105.75,0.0719,2150.81,0.0776
948,1,1681362115900.0,2105.76,0.0013,2150.8,0.0073
949,1,1681362116000.0,2105.77,0.0719,2150.79,0.0776
950,1,1681362116100.0,2105.78,0.0013,2150.78,0.0053
951,1,1681362116200.0,2105.79,0.0719,2150.77,0.0776
952,1,1681362116300.0,2105.79,0.0719,2150.77,0.0776
953,1,1681362116800.0,2105.8,0.0013,2150.77,0.0776
954,1,1681362116900.0,2105.81,0.0719,2150.76,0.0053
955,1,1681362117000.0,2105.82,0.0013,2150.99,0.0776
956,1,1681362117200.0,2105.83,0.0719,2150.97,0.0776
957,1,1681362117300.0,2105.84,0.0013,2150.96,0.0073
958,1,1681362117500.0,2105.85,0.0719,2150.96,0.0015
959,1,1681362117600.0,2105.85,0.0719,2150.96,0.0088
960,1,1681362117700.0,2105.86,0.0013,2150.98,0.0073
961,1,1681362117800.0,2105.87,0.0719,2150.97,0.0776
962,1,1681362117900.0,2105.87,0.0719,2150.97,0.0776
963,1,1681362118000.0,2105.88,0.0013,2150.96,0.0073
964,1,1681362118100.0,2105.88,0.0013,2150.96,0.0053
965,1,1681362118200.0,2105.89,0.0719,2150.95,0.0776
966,1,1681362118300.0,2105.89,0.0719,2150.95,0.0776
967,1,1681362118400.0,2105.9,0.0013,2150.94,0.0088
968,1,1681362118500.0,2105.9,0.0013,2150.94,0.0126
969,1,1681362118600.0,2105.9,0.0013,2150.94,0.0088
970,1,1681362118700.0,2105.91,0.0719,2150.93,0.0776
971,1,1681362118800.0,2105.92,0.0013,2150.92,0.0073
972,1,1681362118900.0,2105.92,0.0013,2150.92,0.005300000000000001
973,1,1681362119000.0,2105.92,0.0013,2150.92,0.0126
974,1,1681362119100.0,2105.92,0.0013,2150.92,0.0088
975,1,1681362119400.0,2105.93,0.0719,2150.91,0.0776
976,1,1681362119500.0,2105.94,0.0013,2150.91,0.0776
977,1,1681362119600.0,2105.94,0.0013,2150.9,0.008799999999999999
978,1,1681362119700.0,2105.95,0.0719,2150.89,0.0776
979,1,1681362119800.0,2105.96,0.0013,2150.89,0.0776
980,1,1681362119900.0,2105.97,0.0719,2150.88,0.0088
981,1,1681362120000.0,2105.98,0.0013,2150.87,0.0776
982,1,1681362120100.0,2105.98,0.0013,2150.87,0.0776
983,1,1681362120200.0,2105.99,0.0719,2150.85,0.0776
984,1,1681362120300.0,2105.99,0.0719,2150.85,0.0776
985,1,1681362120400.0,2106.0,0.0013,2150.84,0.0015000000000000005
986,1,1681362120500.0,2106.01,0.0719,2150.83,0.0776
987,1,1681362120600.0,2106.02,0.0013,2150.83,0.0776
988,1,1681362120700.0,2106.03,0.0719,2150.82,0.0082
989,1,1681362120800.0,2106.04,0.0013,2150.99,0.0776
990,1,1681362121000.0,2106.04,0.0013,2150.98,0.0082
991,1,1681362121100.0,2106.04,0.0013,2150.97,0.0887
992,1,1681362121200.0,2105.7,0.0013,2150.96,0.0015
993,1,1681362121300.0,2105.71,0.0719,2150.95,0.0776
994,1,1681362121400.0,2105.71,0.0719,2150.95,0.0776
995,1,1681362121500.0,2105.72,0.0013,2150.94,0.0126
996,1,1681362121600.0,2105.73,0.0719,2150.94,0.0126
997,1,1681362121700.0,2105.74,0.0013,2150.93,0.0111
998,1,1681362121800.0,2105.74,0.0013,2150.98,0.0015
999,1,1681362121900.0,2105.75,0.0719,2150.92,0.0776
1000,1,1681362122000.0,2105.76,0.0013,2150.92,0.0776
1001,1,1681362122100.0,2105.77,0.0719,2150.99,0.0776
1002,1,1681362122200.0,2105.77,0.0719,2150.91,0.0059
1003,1,1681362122300.0,2105.78,0.0013,2150.99,0.0776
1004,1,1681362122400.0,2105.79,0.0719,2150.89,0.0776
1005,1,1681362122500.0,2105.8,0.0013,2150.88,0.005900000000000001
1006,1,1681362122600.0,2105.8,0.0013,2150.88,0.0015000000000000005
1007,1,1681362122800.0,2105.8,0.0013,2150.88,0.005900000000000001
1008,1,1681362122900.0,2105.81,0.0719,2150.87,0.0776
1009,1,1681362123000.0,2105.82,0.0013,2150.86,0.0044
1010,1,1681362123100.0,2105.82,0.0013,2150.86,0.008199999999999999
1011,1,1681362123200.0,2105.82,0.0013,2150.86,0.0059
1012,1,1681362123300.0,2105.83,0.0719,2150.85,0.0776
1013,1,1681362123400.0,2105.83,0.0719,2150.85,0.0776
1014,1,1681362123500.0,2105.85,0.0719,2150.83,0.0776
1015,1,1681362123700.0,2105.86,0.0013,2150.82,0.0044
1016,1,1681362123900.0,2105.87,0.0719,2150.81,0.0776
1017,1,1681362124000.0,2105.87,0.0719,2150.81,0.082
1018,1,1681362124100.0,2105.89,0.0719,2150.79,0.0776
1019,1,1681362124200.0,2105.9,0.0013,2150.78,0.0067
1020,1,1681362124400.0,2105.91,0.0719,2150.77,0.0776
1021,1,1681362124500.0,2105.92,0.0013,2150.77,0.0776
1022,1,1681362124600.0,2105.92,0.0013,2150.76,0.005900000000000001
1023,1,1681362124700.0,2105.93,0.0719,2150.75,0.0776
1024,1,1681362124800.0,2105.93,0.0719,2150.75,0.0776
1025,1,1681362124900.0,2105.94,0.0013,2150.74,0.0044
1026,1,1681362125000.0,2105.95,0.0719,2150.73,0.0776
1027,1,1681362125100.0,2105.95,0.0719,2150.73,0.0776
1028,1,1681362125200.0,2105.96,0.0013,2150.73,0.0776
1029,1,1681362125300.0,2105.96,0.0013,2150.72,0.0082
1030,1,1681362125400.0,2105.97,0.0719,2150.71,0.0776
1031,1,1681362125600.0,2105.98,0.0013,2150.71,0.0776
1032,1,1681362125700.0,2105.99,0.0719,2150.7,0.008199999999999999
1033,1,1681362126000.0,2106.01,0.0719,2150.99,0.0776
1034,1,1681362126100.0,2106.01,0.0719,2150.97,0.0776
1035,1,1681362126200.0,2106.01,0.0719,2150.97,0.0776
1036,1,1681362126300.0,2106.02,0.0013,2150.96,0.0044
1037,1,1681362126400.0,2106.03,0.0719,2150.95,0.0776
1038,1,1681362126500.0,2106.04,0.0013,2150.94,0.008199999999999999
1039,1,1681362126600.0,2106.04,0.0013,2150.93,0.0776
1040,1,1681362126700.0,2106.04,0.0013,2150.93,0.0776
1041,1,1681362126800.0,2105.7,0.0013,2150.92,0.0067
1042,1,1681362127100.0,2105.7,0.0013,2150.92,0.019200000000000002
1043,1,1681362127200.0,2105.71,0.0719,2150.91,0.0776
1044,1,1681362127400.0,2106.05,0.0013,2150.9,0.0015
1045,1,1681362127500.0,2105.72,0.0013,2150.89,0.0776
1046,1,1681362127600.0,2105.7,0.0013,2150.88,0.0044
1047,1,1681362127800.0,2105.71,0.0719,2150.87,0.0776
1048,1,1681362127900.0,2105.71,0.0719,2150.87,0.0776
1049,1,1681362128000.0,2105.72,0.0013,2150.86,0.005899999999999999
1050,1,1681362128100.0,2105.73,0.0719,2150.85,0.0776
1051,1,1681362128200.0,2105.74,0.0013,2150.85,0.0776
1052,1,1681362128300.0,2105.74,0.0013,2150.84,0.0044
1053,1,1681362128400.0,2105.75,0.0719,2150.83,0.0776
1054,1,1681362128500.0,2105.76,0.0013,2150.82,0.0067
1055,1,1681362128600.0,2105.76,0.0013,2150.82,0.0015000000000000005
1056,1,1681362128700.0,2105.77,0.0719,2150.82,0.0082
1057,1,1681362128800.0,2105.78,0.0013,2150.81,0.0776
1058,1,1681362128900.0,2105.78,0.0013,2150.8,0.0082
1059,1,1681362129000.0,2105.79,0.0719,2150.79,0.0776
1060,1,1681362129100.0,2105.79,0.0719,2150.79,0.0776
1061,1,1681362129200.0,2105.8,0.0013,2150.78,0.0067
1062,1,1681362129300.0,2105.8,0.0013,2150.78,0.0067
1063,1,1681362129400.0,2105.81,0.0719,2150.76,0.005900000000000001
1064,1,1681362129500.0,2105.82,0.0013,2150.76,0.0082
1065,1,1681362129600.0,2105.83,0.0719,2150.75,0.0776
1066,1,1681362129700.0,2105.83,0.0719,2150.75,0.0776
1067,1,1681362129800.0,2105.84,0.0013,2150.74,0.0059
1068,1,1681362129900.0,2105.85,0.0719,2150.73,0.0776
1069,1,1681362130000.0,2105.86,0.0013,2150.72,0.0044
1070,1,1681362130100.0,2105.87,0.0719,2150.71,0.0776
1071,1,1681362130200.0,2105.88,0.0013,2150.7,0.0044
1072,1,1681362130300.0,2105.88,0.0013,2150.7,0.0044
1073,1,1681362130400.0,2105.89,0.0719,2150.69,0.0776
1074,1,1681362130500.0,2105.9,0.0013,2150.68,0.0044
1075,1,1681362130600.0,2105.91,0.0719,2150.67,0.0776
1076,1,1681362130700.0,2105.92,0.0013,2150.66,0.0044
1077,1,1681362130800.0,2105.92,0.0013,2150.66,0.0015000000000000005
1078,1,1681362130900.0,2105.93,0.0719,2150.65,0.0776
1079,1,1681362131100.0,2105.94,0.0013,2150.64,0.006699999999999999
1080,1,1681362131300.0,2105.95,0.0719,2150.63,0.0776
1081,1,1681362131400.0,2105.96,0.0013,2150.62,0.0059
1082,1,1681362131500.0,2105.97,0.0719,2150.61,0.0776
1083,1,1681362131700.0,2105.99,0.0719,2150.59,0.0776
1084,1,1681362131800.0,2105.99,0.0719,2150.59,0.0776
1085,1,1681362131900.0,2106.0,0.0013,2150.58,0.008199999999999999
1086,1,1681362132000.0,2106.01,0.0719,2150.57,0.0776
1087,1,1681362132200.0,2106.02,0.0013,2150.56,0.0059
1088,1,1681362132300.0,2106.03,0.0719,2150.55,0.0776
1089,1,1681362132400.0,2106.04,0.0013,2150.54,0.0082
1090,1,1681362132500.0,2106.04,0.0013,2150.54,0.004400000000000001
1091,1,1681362132600.0,2106.04,0.0013,2150.54,0.008800000000000002
1092,1,1681362132700.0,2106.04,0.0013,2150.53,0.0776
1093,1,1681362132800.0,2106.04,0.0013,2150.52,0.0038
1094,1,1681362132900.0,2105.7,0.0013,2150.52,0.0082
1095,1,1681362133000.0,2105.71,0.0719,2150.51,0.0776
1096,1,1681362133100.0,2105.72,0.0013,2150.5,0.0029
1097,1,1681362133300.0,2105.72,0.0013,2150.5,0.0097
1098,1,1681362133400.0,2105.74,0.0013,2150.48,0.0029
1099,1,1681362133600.0,2105.75,0.0719,2150.47,0.0776
1100,1,1681362133800.0,2105.76,0.0013,2150.46,0.006699999999999999
1101,1,1681362133900.0,2105.77,0.0719,2150.45,0.0776
1102,1,1681362134000.0,2105.77,0.0719,2150.45,0.0776
1103,1,1681362134100.0,2105.78,0.0013,2150.44,0.0082
1104,1,1681362134200.0,2105.78,0.0013,2150.43,0.0082
1105,1,1681362134300.0,2105.79,0.0719,2150.43,0.0858
1106,1,1681362134400.0,2105.8,0.0013,2150.42,0.0082
1107,1,1681362134500.0,2105.8,0.0013,2150.42,0.0088
1108,1,1681362134600.0,2105.81,0.0719,2150.41,0.0776
1109,1,1681362134700.0,2105.82,0.0013,2150.4,0.0029
1110,1,1681362134800.0,2105.82,0.0013,2150.4,0.0097
1111,1,1681362134900.0,2105.83,0.0719,2150.39,0.0776
1112,1,1681362135000.0,2105.84,0.0013,2150.38,0.0082
1113,1,1681362135100.0,2105.84,0.0013,2150.38,0.004400000000000001
1114,1,1681362135200.0,2105.84,0.0013,2150.38,0.0082
1115,1,1681362135300.0,2105.85,0.0719,2150.37,0.0776
1116,1,1681362135400.0,2105.85,0.0719,2150.37,0.0776
1117,1,1681362135500.0,2105.86,0.0013,2150.36,0.0082
1118,1,1681362135600.0,2105.87,0.0719,2150.35,0.0776
1119,1,1681362135700.0,2105.88,0.0013,2150.34,0.0082
1120,1,1681362135900.0,2105.89,0.0719,2150.33,0.0776
1121,1,1681362136000.0,2105.9,0.0013,2150.32,0.0029
1122,1,1681362136100.0,2105.9,0.0013,2150.32,0.0097
1123,1,1681362136200.0,2105.9,0.0013,2150.32,0.004399999999999999
1124,1,1681362136300.0,2105.91,0.0719,2150.31,0.0776
1125,1,1681362136400.0,2105.91,0.0719,2150.3,0.0082
1126,1,1681362136500.0,2105.93,0.0719,2150.29,0.0776
1127,1,1681362136600.0,2105.94,0.0013,2150.28,0.0029
1128,1,1681362136800.0,2105.94,0.0013,2150.28,0.0082
1129,1,1681362136900.0,2105.95,0.0719,2150.27,0.0776
1130,1,1681362137000.0,2105.95,0.0719,2150.27,0.0776
1131,1,1681362137400.0,2105.95,0.0719,2150.27,0.0776
1132,1,1681362137600.0,2105.96,0.0013,2150.26,0.0082
1133,1,1681362137800.0,2105.96,0.0013,2150.26,0.004399999999999999
1134,1,1681362137900.0,2105.96,0.0013,2150.26,0.004399999999999999
1135,1,1681362138000.0,2105.97,0.0719,2150.25,0.0776
1136,1,1681362138200.0,2105.99,0.0719,2150.23,0.0776
1137,1,1681362138300.0,2105.99,0.0719,2150.23,0.0776
1138,1,1681362138400.0,2106.0,0.0013,2150.22,0.0082
1139,1,1681362138500.0,2106.01,0.0719,2150.21,0.0814
1140,1,1681362138600.0,2106.01,0.0719,2150.21,0.0858
1141,1,1681362138700.0,2106.02,0.0013,2150.19,0.0776
1142,1,1681362138800.0,2106.02,0.0013,2150.18,0.0029
1143,1,1681362138900.0,2105.7,0.0013,2150.18,0.0111
1144,1,1681362139000.0,2105.7,0.0013,2150.18,0.0082
1145,1,1681362139100.0,2105.7,0.0013,2150.18,0.0082
1146,1,1681362139200.0,2105.7,0.0013,2150.18,0.0029
1147,1,1681362139400.0,2105.71,0.0719,2150.17,0.0776
1148,1,1681362139500.0,2105.71,0.0719,2150.17,0.0776
1149,1,1681362139600.0,2105.72,0.0013,2150.16,0.0082
1150,1,1681362139700.0,2105.73,0.0719,2150.15,0.0776
1151,1,1681362139800.0,2105.74,0.0013,2150.14,0.0073
1152,1,1681362139900.0,2105.74,0.0013,2150.14,0.0053
1153,1,1681362140000.0,2105.75,0.0719,2150.13,0.0776
1154,1,1681362140100.0,2105.76,0.0013,2150.12,0.0038
1155,1,1681362140200.0,2105.76,0.0013,2150.12,0.0088
1156,1,1681362140300.0,2105.77,0.0719,2150.11,0.0776
1157,1,1681362140400.0,2105.78,0.0013,2150.1,0.0073
1158,1,1681362140500.0,2105.79,0.0719,2150.09,0.0776
1159,1,1681362140600.0,2105.8,0.0013,2150.08,0.0073
1160,1,1681362140800.0,2105.8,0.0013,2150.07,0.0776
1161,1,1681362140900.0,2105.81,0.0719,2150.07,0.0776
1162,1,1681362141000.0,2105.82,0.0013,2150.06,0.0038
1163,1,1681362141100.0,2105.83,0.0719,2150.05,0.0776
1164,1,1681362141200.0,2105.84,0.0013,2150.04,0.0038
1165,1,1681362141400.0,2105.85,0.0719,2150.03,0.0776
1166,1,1681362141500.0,2105.85,0.0719,2150.03,0.0814
1167,1,1681362141600.0,2105.86,0.0013,2150.02,0.0097
1168,1,1681362141700.0,2105.87,0.0719,2150.01,0.0776
1169,1,1681362141800.0,2105.87,0.0719,2150.01,0.0776
1170,1,1681362141900.0,2105.89,0.0719,2149.99,0.0776
1171,1,1681362142000.0,2105.89,0.0719,2149.99,0.0776
1172,1,1681362142100.0,2105.91,0.0719,2149.97,0.0776
1173,1,1681362142200.0,2105.91,0.0719,2149.97,0.0776
1174,1,1681362142300.0,2105.92,0.0013,2149.96,0.0038
1175,1,1681362142400.0,2105.92,0.0013,2149.96,0.0088
1176,1,1681362142500.0,2105.93,0.0719,2149.95,0.0776
1177,1,1681362142600.0,2105.93,0.0719,2149.95,0.0776
1178,1,1681362142700.0,2105.95,0.0719,2149.93,0.0776
1179,1,1681362142800.0,2105.95,0.0719,2149.93,0.0776
1180,1,1681362142900.0,2105.96,0.0013,2149.92,0.0029
1181,1,1681362143000.0,2105.97,0.0719,2149.91,0.0776
1182,1,1681362143200.0,2105.99,0.0719,2149.89,0.0776
1183,1,1681362143300.0,2105.99,0.0719,2149.89,0.0776
1184,1,1681362143400.0,2106.0,0.0013,2149.88,0.0029
1185,1,1681362143600.0,2106.01,0.0719,2149.87,0.0776
1186,1,1681362143700.0,2106.02,0.0013,2149.86,0.0073
1187,1,1681362143800.0,2106.02,0.0013,2149.86,0.0126
1188,1,1681362143900.0,2106.02,0.0013,2149.86,0.0053
1189,1,1681362144000.0,2106.02,0.0013,2149.86,0.005299999999999999
1190,1,1681362144100.0,2106.03,0.0719,2149.85,0.0776
1191,1,1681362144300.0,2106.04,0.0013,2149.84,0.0073
1192,1,1681362144400.0,2106.04,0.0013,2149.83,0.0776
1193,1,1681362144600.0,2105.71,0.0719,2149.81,0.0776
1194,1,1681362144900.0,2105.72,0.0013,2149.8,0.0073
1195,1,1681362145000.0,2105.72,0.0013,2149.8,0.0053
1196,1,1681362145100.0,2105.73,0.0719,2149.79,0.0776
1197,1,1681362145200.0,2105.74,0.0013,2149.78,0.0038
1198,1,1681362145300.0,2105.75,0.0719,2149.77,0.0776
1199,1,1681362145400.0,2105.76,0.0013,2149.76,0.0038
1200,1,1681362145500.0,2105.76,0.0013,2149.76,0.004400000000000001
1201,1,1681362145600.0,2105.77,0.0719,2149.75,0.0776
1202,1,1681362145800.0,2105.78,0.0013,2149.74,0.0014999999999999996
1203,1,1681362145900.0,2105.79,0.0719,2149.73,0.0776
1204,1,1681362146000.0,2105.8,0.0013,2149.72,0.0038
1205,1,1681362146100.0,2105.81,0.0719,2149.71,0.0776
1206,1,1681362146200.0,2105.81,0.0719,2149.71,0.0776
1207,1,1681362146300.0,2105.82,0.0013,2149.7,0.0038
1208,1,1681362146400.0,2105.82,0.0013,2149.7,0.008800000000000002
1209,1,1681362146600.0,2105.82,0.0013,2149.7,0.005300000000000002
1210,1,1681362146700.0,2105.83,0.0719,2149.69,0.0776
1211,1,1681362146800.0,2105.83,0.0719,2149.69,0.0776
1212,1,1681362146900.0,2105.84,0.0013,2149.67,0.0776
1213,1,1681362147000.0,2105.84,0.0013,2149.66,0.0038
1214,1,1681362147100.0,2105.84,0.0013,2149.66,0.0038
1215,1,1681362147200.0,2105.84,0.0013,2149.66,0.0088
1216,1,1681362147300.0,2105.85,0.0719,2149.65,0.0776
1217,1,1681362147400.0,2105.85,0.0719,2149.65,0.0776
1218,1,1681362147500.0,2105.86,0.0013,2149.64,0.0053
1219,1,1681362147600.0,2105.87,0.0719,2149.63,0.0776
1220,1,1681362147700.0,2105.88,0.0013,2149.62,0.0038
1221,1,1681362148400.0,2105.88,0.0013,2149.62,0.0088
1222,1,1681362148500.0,2105.89,0.0719,2149.61,0.0776
1223,1,1681362148600.0,2105.89,0.0719,2149.61,0.0776
1224,1,1681362148700.0,2105.9,0.0013,2149.6,0.0053
1225,1,1681362148800.0,2105.91,0.0719,2149.59,0.0776
1226,1,1681362148900.0,2105.91,0.0719,2149.59,0.0901
1227,1,1681362149000.0,2105.93,0.0719,2149.57,0.0776
1228,1,1681362149100.0,2105.93,0.0719,2149.57,0.0776
1229,1,1681362149200.0,2105.94,0.0013,2149.56,0.0038
1230,1,1681362149300.0,2105.95,0.0719,2149.55,0.0776
1231,1,1681362149400.0,2105.96,0.0013,2149.54,0.0038
1232,1,1681362149500.0,2105.96,0.0013,2149.54,0.0082
1233,1,1681362149600.0,2105.97,0.0719,2149.53,0.0776
1234,1,1681362149800.0,2105.98,0.0013,2149.52,0.0044
1235,1,1681362149900.0,2105.99,0.0719,2149.51,0.0776
1236,1,1681362150000.0,2106.0,0.0013,2149.5,0.0044
1237,1,1681362150100.0,2106.0,0.0013,2149.5,0.0015000000000000005
1238,1,1681362150200.0,2106.0,0.0013,2149.5,0.005300000000000001
1239,1,1681362150300.0,2106.01,0.0719,2149.49,0.0776
1240,1,1681362150400.0,2106.02,0.0013,2149.48,0.0038
1241,1,1681362150500.0,2106.03,0.0719,2149.47,0.0776
1242,1,1681362150600.0,2106.04,0.0013,2149.46,0.0067
1243,1,1681362150700.0,2106.04,0.0013,2149.46,0.0059
1244,1,1681362150800.0,2106.04,0.0013,2149.46,0.008199999999999999
1245,1,1681362150900.0,2106.04,0.0013,2149.45,0.0776
1246,1,1681362151000.0,2105.7,0.0013,2149.44,0.0067
1247,1,1681362151100.0,2105.71,0.0719,2149.43,0.0776
1248,1,1681362151200.0,2105.72,0.0013,2149.42,0.0067
1249,1,1681362151300.0,2105.72,0.0013,2149.42,0.0126
1250,1,1681362151400.0,2105.74,0.0013,2149.41,0.0776
1251,1,1681362151500.0,2105.74,0.0013,2149.4,0.0044
1252,1,1681362151700.0,2105.75,0.0719,2149.39,0.0776
1253,1,1681362151800.0,2105.76,0.0013,2149.38,0.006699999999999999
1254,1,1681362151900.0,2105.77,0.0719,2149.37,0.0776
1255,1,1681362152100.0,2105.78,0.0013,2149.36,0.005899999999999999
1256,1,1681362152200.0,2105.79,0.0719,2149.35,0.0776
1257,1,1681362152300.0,2105.79,0.0719,2149.35,0.0776
1258,1,1681362152400.0,2105.8,0.0013,2149.34,0.0044
1259,1,1681362152500.0,2105.81,0.0719,2149.33,0.0776
1260,1,1681362152600.0,2105.81,0.0719,2149.33,0.0776
1261,1,1681362152700.0,2105.82,0.0013,2149.32,0.0111
1262,1,1681362152800.0,2105.83,0.0719,2149.31,0.0776
1263,1,1681362152900.0,2105.83,0.0719,2149.31,0.0776
1264,1,1681362153000.0,2105.84,0.0013,2149.3,0.006699999999999999
1265,1,1681362153100.0,2105.85,0.0719,2149.29,0.0776
1266,1,1681362153200.0,2105.86,0.0013,2149.28,0.0015
1267,1,1681362153300.0,2105.86,0.0013,2149.28,0.005900000000000001
1268,1,1681362153400.0,2105.87,0.0719,2149.27,0.0776
1269,1,1681362153500.0,2105.88,0.0013,2149.26,0.0044
1270,1,1681362153600.0,2105.89,0.0719,2149.25,0.0776
1271,1,1681362153700.0,2105.9,0.0013,2149.24,0.0044
1272,1,1681362153800.0,2105.91,0.0719,2149.23,0.0776
1273,1,1681362153900.0,2105.92,0.0013,2149.22,0.0044
1274,1,1681362154100.0,2105.92,0.0013,2149.22,0.008199999999999999
1275,1,1681362154200.0,2105.92,0.0013,2149.22,0.0059
1276,1,1681362154300.0,2105.93,0.0719,2149.21,0.0776
1277,1,1681362154400.0,2105.94,0.0013,2149.2,0.0067
1278,1,1681362154600.0,2105.94,0.0013,2149.2,0.008199999999999999
1279,1,1681362154700.0,2105.95,0.0719,2149.19,0.0776
1280,1,1681362154800.0,2105.95,0.0719,2149.19,0.0776
1281,1,1681362154900.0,2105.96,0.0013,2149.18,0.006699999999999999
1282,1,1681362155000.0,2105.96,0.0013,2149.18,0.005899999999999999
1283,1,1681362155100.0,2105.97,0.0719,2149.17,0.0776
1284,1,1681362155200.0,2105.98,0.0013,2149.16,0.0044
1285,1,1681362155300.0,2105.99,0.0719,2149.15,0.0776
1286,1,1681362155400.0,2106.0,0.0013,2149.14,0.008199999999999999
1287,1,1681362155500.0,2106.0,0.0013,2149.14,0.005899999999999999
1288,1,1681362155600.0,2106.01,0.0719,2149.13,0.0776
1289,1,1681362155700.0,2106.02,0.0013,2149.12,0.006699999999999999
1290,1,1681362155800.0,2106.03,0.0719,2149.11,0.0776
1291,1,1681362155900.0,2106.04,0.0013,2149.1,0.0029
1292,1,1681362156000.0,2106.04,0.0013,2149.1,0.0037999999999999996
1293,1,1681362156100.0,2106.04,0.0013,2149.09,0.0776
1294,1,1681362156200.0,2105.7,0.0013,2149.08,0.0082
1295,1,1681362156300.0,2105.7,0.0013,2149.08,0.0029
1296,1,1681362156400.0,2105.7,0.0013,2149.08,0.0082
1297,1,1681362156500.0,2105.7,0.0013,2149.08,0.0198
1298,1,1681362156600.0,2105.71,0.0719,2149.07,0.0776
1299,1,1681362156700.0,2105.72,0.0013,2149.06,0.004399999999999999
1300,1,1681362156800.0,2105.72,0.0013,2149.06,0.0097
1301,1,1681362156900.0,2105.72,0.0013,2149.06,0.004399999999999999
1302,1,1681362157000.0,2105.73,0.0719,2149.05,0.0776
1303,1,1681362157100.0,2105.73,0.0719,2149.05,0.0776
1304,1,1681362157200.0,2105.74,0.0013,2149.04,0.0097
1305,1,1681362157300.0,2105.75,0.0719,2149.03,0.0776
1306,1,1681362157400.0,2105.76,0.0013,2149.02,0.0029
1307,1,1681362157500.0,2105.76,0.0013,2149.02,0.0097
1308,1,1681362157600.0,2105.77,0.0719,2149.01,0.0776
1309,1,1681362157700.0,2105.77,0.0719,2149.01,0.0776
1310,1,1681362157800.0,2105.78,0.0013,2149.0,0.0082
1311,1,1681362157900.0,2105.78,0.0013,2149.0,0.004399999999999999
1312,1,1681362158000.0,2105.79,0.0719,2148.99,0.0805
1313,1,1681362158100.0,2105.8,0.0013,2148.98,0.0097
1314,1,1681362158200.0,2105.81,0.0719,2148.97,0.0776
1315,1,1681362158300.0,2105.81,0.0719,2148.97,0.0776
1316,1,1681362158400.0,2105.82,0.0013,2148.96,0.0082
1317,1,1681362158500.0,2105.83,0.0719,2148.95,0.0776
1318,1,1681362159100.0,2105.84,0.0013,2148.94,0.0011
1319,1,1681362159200.0,2105.84,0.0013,2148.94,0.009300000000000001
1320,1,1681362159300.0,2105.85,0.0719,2148.93,0.0776
1321,1,1681362159400.0,2105.86,0.0013,2148.92,0.0029
1322,1,1681362159500.0,2105.87,0.0719,2148.91,0.0776
1323,1,1681362159600.0,2105.87,0.0719,2148.91,0.0776
1324,1,1681362159700.0,2105.89,0.0719,2148.89,0.0776
1325,1,1681362159800.0,2105.9,0.0013,2148.88,0.0029
1326,1,1681362159900.0,2105.9,0.0013,2148.88,0.0097
1327,1,1681362160000.0,2105.91,0.0719,2148.87,0.0776
1328,1,1681362160200.0,2105.92,0.0013,2148.86,0.0073
1329,1,1681362160300.0,2105.93,0.0719,2148.85,0.0776
1330,1,1681362160400.0,2105.94,0.0013,2148.84,0.0088
1331,1,1681362160500.0,2105.95,0.0719,2148.83,0.0776
1332,1,1681362160700.0,2105.96,0.0013,2148.82,0.0073
1333,1,1681362160800.0,2105.97,0.0719,2148.81,0.0776
1334,1,1681362160900.0,2105.97,0.0719,2148.8,0.0073
1335,1,1681362161000.0,2105.99,0.0719,2148.79,0.0776
1336,1,1681362161100.0,2106.0,0.0013,2148.78,0.0082
1337,1,1681362161200.0,2106.01,0.0719,2148.77,0.0776
1338,1,1681362161300.0,2106.01,0.0719,2148.77,0.0776
1339,1,1681362161400.0,2106.02,0.0013,2148.76,0.0111
1340,1,1681362161500.0,2106.03,0.0719,2148.75,0.0776
1341,1,1681362161700.0,2106.04,0.0013,2148.74,0.0014999999999999996
1342,1,1681362161800.0,2106.04,0.0013,2148.73,0.0776
1343,1,1681362161900.0,2105.69,0.0719,2148.73,0.0776
1344,1,1681362162000.0,2105.71,0.0719,2148.72,0.0126
1345,1,1681362162100.0,2105.71,0.0719,2148.71,0.0776
1346,1,1681362162200.0,2105.72,0.0013,2148.71,0.0776
1347,1,1681362162300.0,2105.73,0.0719,2148.7,0.0053
1348,1,1681362162400.0,2105.74,0.0013,2148.69,0.0776
1349,1,1681362162500.0,2105.75,0.0719,2148.69,0.0776
1350,1,1681362162600.0,2105.75,0.0719,2148.67,0.0776
1351,1,1681362162700.0,2105.77,0.0719,2148.67,0.0776
1352,1,1681362162800.0,2105.78,0.0013,2148.65,0.0776
1353,1,1681362162900.0,2105.78,0.0013,2148.64,0.0038
1354,1,1681362163000.0,2105.79,0.0719,2148.63,0.0015
1355,1,1681362163100.0,2105.79,0.0719,2148.63,0.0791
1356,1,1681362163600.0,2105.8,0.0013,2148.62,0.0038
1357,1,1681362163700.0,2105.81,0.0719,2148.61,0.0776
1358,1,1681362163900.0,2105.82,0.0013,2148.6,0.0088
1359,1,1681362164100.0,2105.83,0.0719,2148.59,0.0776
1360,1,1681362164300.0,2105.84,0.0013,2148.58,0.0073
1361,1,1681362164400.0,2105.85,0.0719,2148.57,0.0776
1362,1,1681362164500.0,2105.86,0.0013,2148.57,0.0776
1363,1,1681362164600.0,2105.87,0.0719,2148.55,0.0776
1364,1,1681362164800.0,2105.88,0.0013,2148.54,0.0073
1365,1,1681362164900.0,2105.89,0.0719,2148.53,0.0776
1366,1,1681362165000.0,2105.9,0.0013,2148.52,0.0073
1367,1,1681362165100.0,2105.91,0.0719,2148.51,0.0776
1368,1,1681362165200.0,2105.92,0.0013,2148.5,0.0044
1369,1,1681362165300.0,2105.93,0.0719,2148.49,0.0776
1370,1,1681362165400.0,2105.94,0.0013,2148.48,0.0073
1371,1,1681362165500.0,2105.94,0.0013,2148.48,0.0073
1372,1,1681362165600.0,2105.94,0.0013,2148.48,0.0015000000000000005
1373,1,1681362165700.0,2105.95,0.0719,2148.48,0.0088
1374,1,1681362165900.0,2105.96,0.0013,2150.99,0.0776
1375,1,1681362166100.0,2105.96,0.0013,2150.98,0.0053
1376,1,1681362166200.0,2105.96,0.0013,2150.98,0.0126
1377,1,1681362166300.0,2105.96,0.0013,2150.98,0.0088
1378,1,1681362166400.0,2105.98,0.0013,2150.96,0.0073
1379,1,1681362166600.0,2105.98,0.0013,2150.96,0.0053
1380,1,1681362166700.0,2105.99,0.0719,2150.94,0.0776
1381,1,1681362166900.0,2106.0,0.0013,2150.93,0.0053
1382,1,1681362167100.0,2106.01,0.0719,2150.92,0.0776
1383,1,1681362167200.0,2106.01,0.0719,2150.92,0.0776
1384,1,1681362167300.0,2106.02,0.0013,2150.91,0.0073
1385,1,1681362167400.0,2106.03,0.0719,2150.9,0.0776
1386,1,1681362167500.0,2106.04,0.0013,2150.89,0.0073
1387,1,1681362167600.0,2106.04,0.0013,2150.88,0.0776
1388,1,1681362167700.0,2106.04,0.0013,2150.88,0.0776
1389,1,1681362167800.0,2105.7,0.0013,2150.87,0.0073
1390,1,1681362167900.0,2105.71,0.0719,2150.86,0.0776
1391,1,1681362168000.0,2105.71,0.0719,2150.86,0.0849
1392,1,1681362168100.0,2105.72,0.0013,2150.85,0.0015
1393,1,1681362168200.0,2105.72,0.0013,2150.85,0.0126
1394,1,1681362168300.0,2105.73,0.0719,2150.84,0.0776
1395,1,1681362168400.0,2105.73,0.0719,2150.84,0.0776
1396,1,1681362168500.0,2105.74,0.0013,2150.83,0.0111
1397,1,1681362168600.0,2105.74,0.0013,2150.83,0.0014999999999999996
1398,1,1681362168700.0,2105.75,0.0719,2150.82,0.0776
1399,1,1681362168800.0,2105.76,0.0013,2150.81,0.0111
1400,1,1681362169000.0,2105.77,0.0719,2150.8,0.0776
1401,1,1681362169100.0,2105.77,0.0719,2150.8,0.0776
1402,1,1681362169600.0,2105.78,0.0013,2150.8,0.0776
1403,1,1681362169800.0,2105.79,0.0719,2150.79,0.0111
1404,1,1681362169900.0,2105.79,0.0719,2150.78,0.0776
1405,1,1681362170000.0,2105.8,0.0013,2150.77,0.0029
1406,1,1681362170100.0,2105.81,0.0719,2150.76,0.0776
1407,1,1681362170200.0,2105.82,0.0013,2150.75,0.006699999999999999
1408,1,1681362170300.0,2105.82,0.0013,2150.75,0.011099999999999999
1409,1,1681362170400.0,2105.82,0.0013,2150.75,0.0014999999999999979
1410,1,1681362170500.0,2105.83,0.0719,2150.74,0.0776
1411,1,1681362170600.0,2105.83,0.0719,2150.74,0.0776
1412,1,1681362170700.0,2105.84,0.0013,2150.74,0.0776
1413,1,1681362170800.0,2105.84,0.0013,2150.73,0.0126
1414,1,1681362170900.0,2105.85,0.0719,2150.72,0.0776
1415,1,1681362171100.0,2105.87,0.0719,2150.99,0.0776
1416,1,1681362171200.0,2105.87,0.0719,2150.71,0.0126
1417,1,1681362171300.0,2105.88,0.0013,2150.99,0.0776
1418,1,1681362171400.0,2105.89,0.0719,2150.98,0.0126
1419,1,1681362171600.0,2105.91,0.0719,2150.97,0.0776
1420,1,1681362171800.0,2105.92,0.0013,2150.97,0.0776
1421,1,1681362171900.0,2105.93,0.0719,2150.96,0.0126
1422,1,1681362172000.0,2105.94,0.0013,2150.99,0.0776
1423,1,1681362172100.0,2105.95,0.0719,2150.99,0.0776
1424,1,1681362172200.0,2105.95,0.0719,2150.98,0.0126
1425,1,1681362172300.0,2105.96,0.0013,2150.97,0.0776
1426,1,1681362172400.0,2105.97,0.0719,2150.96,0.0111
1427,1,1681362172600.0,2105.98,0.0013,2150.95,0.0776
1428,1,1681362172700.0,2105.99,0.0719,2150.95,0.0776
1429,1,1681362172800.0,2106.0,0.0013,2150.94,0.0014999999999999996
1430,1,1681362172900.0,2106.01,0.0719,2150.93,0.0776
1431,1,1681362173000.0,2106.01,0.0719,2150.93,0.0776
1432,1,1681362173100.0,2106.02,0.0013,2150.93,0.0776
1433,1,1681362173300.0,2106.03,0.0719,2150.92,0.0126
1434,1,1681362173400.0,2106.04,0.0013,2150.92,0.0126
1435,1,1681362173500.0,2106.04,0.0013,2150.98,0.0126
1436,1,1681362173600.0,2106.04,0.0013,2150.97,0.0776
1437,1,1681362173700.0,2105.7,0.0013,2150.96,0.0073
1438,1,1681362173800.0,2105.71,0.0719,2150.95,0.0776
1439,1,1681362173900.0,2105.72,0.0013,2150.94,0.0073
1440,1,1681362174000.0,2105.73,0.0719,2150.94,0.0073
1441,1,1681362174100.0,2105.73,0.0719,2150.93,0.0776
1442,1,1681362174200.0,2105.74,0.0013,2150.93,0.0849
1443,1,1681362174300.0,2105.75,0.0719,2150.92,0.0053
1444,1,1681362174400.0,2105.76,0.0013,2150.9,0.0073
1445,1,1681362174600.0,2105.76,0.0013,2150.9,0.0053
1446,1,1681362174700.0,2105.77,0.0719,2150.89,0.0776
1447,1,1681362174800.0,2105.78,0.0013,2150.88,0.0073
1448,1,1681362174900.0,2105.79,0.0719,2150.87,0.0776
1449,1,1681362175000.0,2105.8,0.0013,2150.86,0.0073
1450,1,1681362175100.0,2105.81,0.0719,2150.85,0.0776
1451,1,1681362175200.0,2105.81,0.0719,2150.85,0.0776
1452,1,1681362175300.0,2105.82,0.0013,2150.84,0.0029
1453,1,1681362175400.0,2105.82,0.0013,2150.84,0.004399999999999999
1454,1,1681362175600.0,2105.82,0.0013,2150.83,0.0029
1455,1,1681362175700.0,2105.83,0.0719,2150.82,0.0776
1456,1,1681362175800.0,2105.84,0.0013,2150.81,0.0029
1457,1,1681362175900.0,2105.84,0.0013,2150.81,0.0097
1458,1,1681362176000.0,2105.84,0.0013,2150.81,0.0097
1459,1,1681362176100.0,2105.84,0.0013,2150.81,0.004399999999999999
1460,1,1681362176300.0,2105.84,0.0013,2150.81,0.0097
1461,1,1681362176400.0,2105.86,0.0013,2150.79,0.0082
1462,1,1681362176500.0,2105.86,0.0013,2150.79,0.0082
1463,1,1681362176600.0,2105.87,0.0719,2150.78,0.0776
1464,1,1681362176700.0,2105.88,0.0013,2150.77,0.0082
1465,1,1681362176800.0,2105.88,0.0013,2150.77,0.0082
1466,1,1681362176900.0,2105.89,0.0719,2150.76,0.0858
1467,1,1681362177100.0,2105.9,0.0013,2150.75,0.004399999999999999
1468,1,1681362177300.0,2105.91,0.0719,2150.74,0.0776
1469,1,1681362177400.0,2105.92,0.0013,2150.73,0.0029
1470,1,1681362177600.0,2105.94,0.0013,2150.71,0.0029
1471,1,1681362177800.0,2105.95,0.0719,2150.7,0.0776
1472,1,1681362177900.0,2105.96,0.0013,2150.69,0.0082
1473,1,1681362178000.0,2105.97,0.0719,2150.68,0.0776
1474,1,1681362178100.0,2105.97,0.0719,2150.68,0.0776
1475,1,1681362178200.0,2105.98,0.0013,2150.67,0.0082
1476,1,1681362178300.0,2105.99,0.0719,2150.66,0.0776
1477,1,1681362178400.0,2106.0,0.0013,2150.65,0.0029
1478,1,1681362178500.0,2106.0,0.0013,2150.65,0.004399999999999999
1479,1,1681362178600.0,2106.01,0.0719,2150.64,0.0776
1480,1,1681362178700.0,2106.01,0.0719,2150.64,0.0776
1481,1,1681362178800.0,2106.02,0.0013,2150.63,0.0082
1482,1,1681362178900.0,2106.02,0.0013,2150.62,0.0082
1483,1,1681362179000.0,2106.03,0.0719,2150.61,0.0776
1484,1,1681362179200.0,2106.04,0.0013,2150.6,0.0082
1485,1,1681362179300.0,2106.04,0.0013,2150.59,0.0776
1486,1,1681362179400.0,2105.7,0.0013,2150.58,0.0082
1487,1,1681362179600.0,2105.7,0.0013,2150.58,0.004399999999999999
1488,1,1681362179700.0,2105.71,0.0719,2150.57,0.0776
1489,1,1681362180400.0,2105.73,0.0719,2150.55,0.0776
1490,1,1681362180500.0,2105.74,0.0013,2150.54,0.0044
1491,1,1681362180600.0,2105.74,0.0013,2150.54,0.0038000000000000004
1492,1,1681362180700.0,2105.74,0.0013,2150.54,0.004400000000000001
1493,1,1681362180800.0,2105.75,0.0719,2150.53,0.0776
1494,1,1681362180900.0,2105.76,0.0013,2150.52,0.0038
1495,1,1681362181000.0,2105.77,0.0719,2150.51,0.0776
1496,1,1681362181200.0,2105.79,0.0719,2150.49,0.0776
1497,1,1681362181300.0,2105.79,0.0719,2150.49,0.0776
1498,1,1681362181400.0,2105.8,0.0013,2150.48,0.0038000000000000004
1499,1,1681362181500.0,2105.81,0.0719,2150.47,0.0776
1500,1,1681362181600.0,2105.82,0.0013,2150.46,0.0073
1501,1,1681362181700.0,2105.83,0.0719,2150.45,0.0776
1502,1,1681362181800.0,2105.84,0.0013,2150.44,0.0038
1503,1,1681362182000.0,2105.84,0.0013,2150.44,0.008799999999999999
1504,1,1681362182200.0,2105.85,0.0719,2150.43,0.0776
1505,1,1681362182400.0,2105.86,0.0013,2150.42,0.0073
1506,1,1681362182500.0,2105.87,0.0719,2150.41,0.0776
1507,1,1681362182600.0,2105.88,0.0013,2150.4,0.0015
1508,1,1681362182700.0,2105.89,0.0719,2150.39,0.0776
1509,1,1681362182800.0,2105.9,0.0013,2150.38,0.0073
1510,1,1681362182900.0,2105.9,0.0013,2150.38,0.008199999999999999
1511,1,1681362183000.0,2105.91,0.0719,2150.37,0.0776
1512,1,1681362183100.0,2105.92,0.0013,2150.36,0.0038
1513,1,1681362183200.0,2105.92,0.0013,2150.36,0.0126
1514,1,1681362183300.0,2105.93,0.0719,2150.35,0.0776
1515,1,1681362183400.0,2105.94,0.0013,2150.34,0.0038
1516,1,1681362183500.0,2105.95,0.0719,2150.33,0.0776
1517,1,1681362183600.0,2105.95,0.0719,2150.33,0.0776
1518,1,1681362183700.0,2105.96,0.0013,2150.33,0.0776
1519,1,1681362183800.0,2105.97,0.0719,2150.31,0.0776
1520,1,1681362183900.0,2105.98,0.0013,2150.3,0.0073
1521,1,1681362184000.0,2105.98,0.0013,2150.3,0.0015000000000000005
1522,1,1681362184100.0,2105.99,0.0719,2150.29,0.0776
1523,1,1681362184200.0,2106.0,0.0013,2150.29,0.0776
1524,1,1681362184300.0,2106.0,0.0013,2150.29,0.0776
1525,1,1681362184400.0,2106.01,0.0719,2150.27,0.0776
1526,1,1681362184600.0,2106.02,0.0013,2150.26,0.0038
1527,1,1681362184700.0,2106.02,0.0013,2150.26,0.005900000000000001
1528,1,1681362184800.0,2106.03,0.0719,2150.26,0.005300000000000001
1529,1,1681362184900.0,2106.03,0.0719,2150.26,0.001500000000000001
1530,1,1681362185000.0,2106.04,0.0013,2150.98,0.0044
1531,1,1681362185100.0,2106.04,0.0013,2150.97,0.0776
1532,1,1681362185200.0,2105.7,0.0013,2150.96,0.0038
1533,1,1681362185400.0,2105.71,0.0719,2150.95,0.0776
1534,1,1681362185600.0,2105.73,0.0719,2150.93,0.0776
1535,1,1681362185700.0,2105.73,0.0719,2150.92,0.0015
1536,1,1681362185800.0,2105.74,0.0013,2150.92,0.0053
1537,1,1681362185900.0,2105.75,0.0719,2150.91,0.0776
1538,1,1681362186000.0,2105.75,0.0719,2150.91,0.0776
1539,1,1681362186100.0,2105.76,0.0013,2150.9,0.0015
1540,1,1681362186200.0,2105.76,0.0013,2150.9,0.0053
1541,1,1681362186400.0,2105.77,0.0719,2150.89,0.0776
1542,1,1681362186600.0,2105.79,0.0719,2150.87,0.0776
1543,1,1681362186700.0,2105.8,0.0013,2150.86,0.0015
1544,1,1681362186900.0,2105.81,0.0719,2150.85,0.0776
1545,1,1681362187000.0,2105.82,0.0013,2150.84,0.0111
1546,1,1681362187200.0,2105.82,0.0013,2150.84,0.0014999999999999996
1547,1,1681362187300.0,2105.83,0.0719,2150.83,0.0776
1548,1,1681362187400.0,2105.84,0.0013,2150.83,0.0776
1549,1,1681362187500.0,2105.85,0.0719,2150.81,0.0776
1550,1,1681362187600.0,2105.85,0.0719,2150.81,0.0776
1551,1,1681362187700.0,2105.86,0.0013,2150.8,0.0073
1552,1,1681362187800.0,2105.87,0.0719,2150.79,0.0776
1553,1,1681362187900.0,2105.87,0.0719,2150.79,0.0776
1554,1,1681362188000.0,2105.88,0.0013,2150.78,0.0044
1555,1,1681362188100.0,2105.89,0.0719,2150.77,0.0776
1556,1,1681362188200.0,2105.89,0.0719,2150.77,0.0776
1557,1,1681362188300.0,2105.9,0.0013,2150.77,0.0776
1558,1,1681362188400.0,2105.9,0.0013,2150.76,0.0088
1559,1,1681362188500.0,2105.91,0.0719,2150.76,0.0015000000000000005
1560,1,1681362188600.0,2105.92,0.0013,2150.82,0.0038
1561,1,1681362188700.0,2105.92,0.0013,2150.82,0.0015
1562,1,1681362188800.0,2105.93,0.0719,2150.81,0.0776
1563,1,1681362188900.0,2105.94,0.0013,2150.81,0.0776
1564,1,1681362189000.0,2105.94,0.0013,2150.8,0.0053
1565,1,1681362189100.0,2105.95,0.0719,2150.79,0.0776
1566,1,1681362189200.0,2105.96,0.0013,2150.78,0.0038
1567,1,1681362189300.0,2105.96,0.0013,2150.78,0.0038
1568,1,1681362189400.0,2105.97,0.0719,2150.77,0.0776
1569,1,1681362189600.0,2105.98,0.0013,2150.75,0.0776
1570,1,1681362189700.0,2105.99,0.0719,2150.75,0.0776
1571,1,1681362189800.0,2106.0,0.0013,2150.74,0.0082
1572,1,1681362189900.0,2106.01,0.0719,2150.73,0.0776
1573,1,1681362190100.0,2106.02,0.0013,2150.72,0.011099999999999999
1574,1,1681362190200.0,2106.02,0.0013,2150.72,0.0014999999999999987
1575,1,1681362190300.0,2106.03,0.0719,2150.71,0.0776
1576,1,1681362190400.0,2106.03,0.0719,2150.71,0.0776
1577,1,1681362190500.0,2106.04,0.0013,2150.71,0.0776
1578,1,1681362190600.0,2106.04,0.0013,2150.99,0.0776
1579,1,1681362191100.0,2105.7,0.0013,2150.7,0.0078000000000000005
1580,1,1681362191200.0,2105.71,0.0719,2150.69,0.0776
1581,1,1681362191400.0,2105.72,0.0013,2150.68,0.0097
1582,1,1681362191500.0,2105.73,0.0719,2150.67,0.0776
1583,1,1681362191600.0,2105.73,0.0719,2150.67,0.0776
1584,1,1681362191700.0,2105.75,0.0719,2150.65,0.0776
1585,1,1681362191900.0,2105.76,0.0013,2150.64,0.0082
1586,1,1681362192100.0,2105.77,0.0719,2150.63,0.0776
1587,1,1681362192200.0,2105.78,0.0013,2150.62,0.0082
1588,1,1681362192400.0,2105.79,0.0719,2150.61,0.0776
1589,1,1681362192500.0,2105.8,0.0013,2150.6,0.0082
1590,1,1681362192600.0,2105.8,0.0013,2150.6,0.004399999999999999
1591,1,1681362192700.0,2105.81,0.0719,2150.59,0.0776
1592,1,1681362192800.0,2105.81,0.0719,2150.59,0.0776
1593,1,1681362192900.0,2105.82,0.0013,2150.58,0.0029
1594,1,1681362193000.0,2105.83,0.0719,2150.57,0.0776
1595,1,1681362193100.0,2105.83,0.0719,2150.57,0.0776
1596,1,1681362193200.0,2105.84,0.0013,2150.56,0.0029
1597,1,1681362193300.0,2105.84,0.0013,2150.56,0.0097
1598,1,1681362193400.0,2105.85,0.0719,2150.55,0.0776
1599,1,1681362193500.0,2105.85,0.0719,2150.55,0.0776
1600,1,1681362193600.0,2105.86,0.0013,2150.54,0.0082
1601,1,1681362193700.0,2105.87,0.0719,2150.53,0.0776
1602,1,1681362193800.0,2105.88,0.0013,2150.52,0.0044
1603,1,1681362193900.0,2105.88,0.0013,2150.52,0.0082
1604,1,1681362194000.0,2105.89,0.0719,2150.51,0.0776
1605,1,1681362194200.0,2105.9,0.0013,2150.5,0.0082
1606,1,1681362194300.0,2105.91,0.0719,2150.49,0.0776
1607,1,1681362194400.0,2105.92,0.0013,2150.48,0.0029
1608,1,1681362194500.0,2105.93,0.0719,2150.47,0.0776
1609,1,1681362194600.0,2105.93,0.0719,2150.47,0.0776
1610,1,1681362194700.0,2105.94,0.0013,2150.46,0.0097
1611,1,1681362194800.0,2105.95,0.0719,2150.45,0.0776
1612,1,1681362195000.0,2105.96,0.0013,2150.44,0.0082
1613,1,1681362195100.0,2105.97,0.0719,2150.42,0.0082
1614,1,1681362195200.0,2105.98,0.0013,2150.42,0.004399999999999999
1615,1,1681362195300.0,2105.98,0.0013,2150.42,0.004399999999999999
1616,1,1681362195400.0,2105.98,0.0013,2150.42,0.0097
1617,1,1681362195500.0,2105.99,0.0719,2150.41,0.0776
1618,1,1681362195600.0,2105.99,0.0719,2150.41,0.0776
1619,1,1681362195700.0,2106.0,0.0013,2150.4,0.0015000000000000005
1620,1,1681362195800.0,2106.0,0.0013,2150.4,0.0097
1621,1,1681362195900.0,2106.01,0.0719,2150.39,0.0776
1622,1,1681362196000.0,2106.02,0.0013,2150.38,0.0082
1623,1,1681362196200.0,2106.02,0.0013,2150.38,0.004399999999999999
1624,1,1681362196300.0,2106.03,0.0719,2150.37,0.0776
1625,1,1681362196400.0,2106.04,0.0013,2150.36,0.0082
1626,1,1681362196500.0,2106.04,0.0013,2150.35,0.0776
1627,1,1681362196600.0,2105.7,0.0013,2150.34,0.0082
1628,1,1681362196700.0,2105.71,0.0719,2150.33,0.0776
1629,1,1681362196800.0,2105.72,0.0013,2150.32,0.0082
1630,1,1681362197000.0,2105.72,0.0013,2150.32,0.004399999999999999
1631,1,1681362197100.0,2105.73,0.0719,2150.31,0.0776
1632,1,1681362197200.0,2105.73,0.0719,2150.31,0.0776
1633,1,1681362197300.0,2105.74,0.0013,2150.3,0.0029
1634,1,1681362197400.0,2105.75,0.0719,2150.29,0.0776
1635,1,1681362197600.0,2105.76,0.0013,2150.28,0.0029
1636,1,1681362197700.0,2105.77,0.0719,2150.27,0.0776
1637,1,1681362197800.0,2105.78,0.0013,2150.26,0.0029
1638,1,1681362197900.0,2105.78,0.0013,2150.26,0.0029
1639,1,1681362198000.0,2105.79,0.0719,2150.25,0.0776
1640,1,1681362198100.0,2105.8,0.0013,2150.24,0.0082
1641,1,1681362198200.0,2105.8,0.0013,2150.24,0.004399999999999999
1642,1,1681362198300.0,2105.81,0.0719,2150.23,0.0776
1643,1,1681362198400.0,2105.82,0.0013,2150.22,0.0082
1644,1,1681362198500.0,2105.83,0.0719,2150.21,0.0776
1645,1,1681362198600.0,2105.84,0.0013,2150.2,0.004399999999999999
1646,1,1681362198800.0,2105.85,0.0719,2150.19,0.0776
1647,1,1681362198900.0,2105.85,0.0719,2150.19,0.0776
1648,1,1681362199000.0,2105.86,0.0013,2150.18,0.0029
1649,1,1681362199100.0,2105.86,0.0013,2150.17,0.0776
1650,1,1681362199200.0,2105.87,0.0719,2150.17,0.0776
1651,1,1681362199400.0,2105.88,0.0013,2150.17,0.0776
1652,1,1681362199500.0,2105.89,0.0719,2150.16,0.0097
1653,1,1681362199700.0,2105.91,0.0719,2150.99,0.0776
1654,1,1681362199800.0,2105.92,0.0013,2150.98,0.0097
1655,1,1681362199900.0,2105.93,0.0719,2150.97,0.0776
1656,1,1681362200000.0,2105.93,0.0719,2150.97,0.0776
1657,1,1681362200200.0,2105.93,0.0719,2150.97,0.0776
1658,1,1681362200500.0,2105.93,0.0719,2150.97,0.0776
1659,1,1681362201000.0,2105.93,0.0719,2150.97,0.0776
1660,1,1681362201300.0,2105.94,0.0013,2150.96,0.0082
1661,1,1681362201400.0,2105.94,0.0013,2150.96,0.005900000000000001
1662,1,1681362201500.0,2105.95,0.0719,2150.95,0.0776
1663,1,1681362201600.0,2105.96,0.0013,2150.95,0.0776
1664,1,1681362201700.0,2105.97,0.0719,2150.99,0.0776
1665,1,1681362201800.0,2105.97,0.0719,2150.94,0.0097
1666,1,1681362201900.0,2105.98,0.0013,2150.99,0.0776
1667,1,1681362202000.0,2105.99,0.0719,2150.92,0.0776
1668,1,1681362202100.0,2106.0,0.0013,2150.92,0.0776
1669,1,1681362202200.0,2106.0,0.0013,2150.91,0.0097
1670,1,1681362202300.0,2123.32,0.07057,2150.9,0.0776
1671,1,1681362202400.0,2123.33,0.0013,2150.89,0.0029
1672,1,1681362202600.0,2123.33,0.0013,2150.88,0.0776
1673,1,1681362202700.0,2123.33,0.0013,2150.87,0.0097
1674,1,1681362202800.0,2123.33,0.0013,2150.87,0.004399999999999999
1675,1,1681362203000.0,2123.34,0.0381,2150.86,0.0776
1676,1,1681362203100.0,2123.35,0.0013,2150.85,0.0029
1677,1,1681362203200.0,2123.35,0.0013,2150.85,0.0029
1678,1,1681362203300.0,2123.36,0.0513,2150.84,0.0776
1679,1,1681362203400.0,2123.36,0.0513,2150.84,0.0776
1680,1,1681362203500.0,2123.37,0.0013,2150.83,0.004400000000000001
1681,1,1681362203600.0,2123.38,0.0468,2150.82,0.0776
1682,1,1681362203700.0,2123.38,0.0468,2150.82,0.0776
1683,1,1681362203800.0,2123.39,0.0013,2150.81,0.0029
1684,1,1681362203900.0,2123.4,0.0501,2150.8,0.0776
1685,1,1681362204000.0,2123.41,0.0013,2150.79,0.0029
1686,1,1681362204100.0,2123.41,0.0013,2150.79,0.0029
1687,1,1681362204200.0,2123.41,0.0013,2150.79,0.004399999999999999
1688,1,1681362204400.0,2123.41,0.0013,2150.79,0.005899999999999999
1689,1,1681362204500.0,2123.43,0.0013,2150.77,0.0029
1690,1,1681362204600.0,2123.43,0.0013,2150.77,0.005899999999999999
1691,1,1681362204800.0,2123.43,0.0013,2150.77,0.0043999999999999985
1692,1,1681362205000.0,2123.45,0.0013,2150.75,0.0029
1693,1,1681362205200.0,2123.45,0.0013,2150.75,0.0059
1694,1,1681362205300.0,2123.45,0.0013,2150.75,0.0043999999999999985
1695,1,1681362205400.0,2123.46,0.0485,2150.74,0.082
1696,1,1681362205600.0,2123.47,0.0013,2150.72,0.0776
1697,1,1681362205700.0,2123.47,0.0013,2150.72,0.0776
1698,1,1681362205800.0,2123.47,0.0013,2150.71,0.0126
1699,1,1681362205900.0,2123.33,0.0013,2150.71,0.004399999999999999
1700,1,1681362206000.0,2123.34,0.0397,2150.7,0.0776
1701,1,1681362206200.0,2123.35,0.0013,2150.69,0.0029
1702,1,1681362206400.0,2123.36,0.0504,2150.68,0.0776
1703,1,1681362206600.0,2123.37,0.0013,2150.67,0.0029
1704,1,1681362206700.0,2123.38,0.0507,2150.66,0.0776
1705,1,1681362206800.0,2123.38,0.0507,2150.66,0.0776
1706,1,1681362206900.0,2123.39,0.0013,2150.65,0.0029
1707,1,1681362207000.0,2123.39,0.0013,2150.65,0.0097
1708,1,1681362207100.0,2123.4,0.0444,2150.64,0.0858
1709,1,1681362207300.0,2123.41,0.0013,2150.63,0.0044
1710,1,1681362207400.0,2123.42,0.0315,2150.62,0.0776
1711,1,1681362207500.0,2123.43,0.0013,2150.61,0.0029
1712,1,1681362207600.0,2123.43,0.0013,2150.61,0.005299999999999999
1713,1,1681362207700.0,2123.44,0.0525,2150.6,0.0776
1714,1,1681362207800.0,2123.44,0.0525,2150.6,0.0776
1715,1,1681362207900.0,2123.45,0.0013,2150.59,0.0038
1716,1,1681362208000.0,2123.46,0.0509,2150.58,0.0776
1717,1,1681362208100.0,2123.47,0.0013,2150.57,0.0029
1718,1,1681362208300.0,2123.48,0.0489,2150.56,0.0776
1719,1,1681362208400.0,2123.49,0.0013,2150.55,0.0015
1720,1,1681362208500.0,2123.49,0.0013,2150.55,0.0126
1721,1,1681362208600.0,2123.5,0.0523,2150.54,0.0776
1722,1,1681362208700.0,2123.5,0.0523,2150.54,0.0776
1723,1,1681362208800.0,2123.52,0.0453,2150.52,0.0776
1724,1,1681362208900.0,2123.53,0.0013,2150.51,0.011099999999999999
1725,1,1681362209000.0,2123.54,0.0484,2150.5,0.0776
1726,1,1681362209100.0,2123.54,0.0484,2150.5,0.0776
1727,1,1681362209200.0,2123.55,0.0013,2150.49,0.0111
1728,1,1681362209300.0,2123.55,0.0013,2150.48,0.0776
1729,1,1681362209400.0,2123.34,0.0013,2150.47,0.0111
1730,1,1681362209500.0,2123.35,0.0508,2150.46,0.0776
1731,1,1681362209600.0,2123.36,0.0013,2150.45,0.0111
1732,1,1681362209700.0,2123.36,0.0013,2150.45,0.0111
1733,1,1681362209800.0,2123.37,0.0511,2150.43,0.0776
1734,1,1681362210000.0,2123.38,0.0013,2150.43,0.0776
1735,1,1681362210100.0,2123.39,0.0562,2150.42,0.0044
1736,1,1681362210200.0,2123.39,0.0562,2150.42,0.0126
1737,1,1681362210300.0,2123.4,0.0013,2151.0,0.0776
1738,1,1681362210400.0,2123.41,0.0553,2151.0,0.0776
1739,1,1681362210500.0,2123.42,0.0013,2151.0,0.0776
1740,1,1681362210600.0,2123.43,0.0552,2151.0,0.0776
1741,1,1681362210700.0,2123.44,0.0013,2151.0,0.0776
1742,1,1681362210800.0,2123.44,0.0013,2151.0,0.0776
1743,1,1681362210900.0,2123.45,0.0556,2151.0,0.0776
1744,1,1681362211000.0,2123.46,0.0013,2151.0,0.0776
1745,1,1681362211100.0,2123.46,0.0013,2151.0,0.0776
1746,1,1681362211200.0,2123.47,0.0551,2151.0,0.0776
1747,1,1681362211300.0,2123.48,0.0013,2150.99,0.006699999999999999
1748,1,1681362211400.0,2123.49,0.046,2150.98,0.0776
1749,1,1681362211800.0,2123.49,0.046,2150.98,0.0776
1750,1,1681362212000.0,2123.49,0.046,2150.97,0.0029
1751,1,1681362212100.0,2123.5,0.0013,2150.97,0.0059
1752,1,1681362212200.0,2123.52,0.0013,2150.95,0.006699999999999999
1753,1,1681362212300.0,2123.52,0.0013,2150.95,0.006699999999999999
1754,1,1681362212400.0,2123.52,0.0013,2150.94,0.0067
1755,1,1681362212500.0,2123.53,0.0502,2150.94,0.0843
1756,1,1681362212600.0,2123.54,0.0013,2150.93,0.008199999999999999
1757,1,1681362212700.0,2123.55,0.0485,2150.92,0.0776
1758,1,1681362212800.0,2123.55,0.0485,2150.92,0.0776
1759,1,1681362212900.0,2123.56,0.0013,2150.91,0.0067
1760,1,1681362213000.0,2123.56,0.0013,2150.9,0.0776
1761,1,1681362213100.0,2123.34,0.0013,2150.9,0.0776
1762,1,1681362213200.0,2123.35,0.0523,2150.88,0.0776
1763,1,1681362213400.0,2123.36,0.0013,2150.87,0.006699999999999999
1764,1,1681362213500.0,2123.37,0.0525,2150.86,0.0776
1765,1,1681362213700.0,2123.38,0.0013,2150.85,0.006699999999999999
1766,1,1681362213800.0,2123.38,0.0013,2150.85,0.005899999999999999
1767,1,1681362213900.0,2123.38,0.0013,2150.84,0.006699999999999999
1768,1,1681362214000.0,2123.38,0.0013,2150.85,0.0067
1769,1,1681362214200.0,2123.38,0.0013,2150.84,0.0029
1770,1,1681362214300.0,2123.39,0.0528,2150.84,0.0843
1771,1,1681362214400.0,2123.4,0.0013,2150.83,0.0059
1772,1,1681362214600.0,2123.4,0.0013,2150.83,0.008199999999999999
1773,1,1681362214800.0,2123.41,0.0498,2150.82,0.0776
1774,1,1681362214900.0,2123.42,0.0013,2150.81,0.006699999999999999
1775,1,1681362215100.0,2123.42,0.0013,2150.81,0.0059
1776,1,1681362215200.0,2123.42,0.0013,2150.81,0.008199999999999999
1777,1,1681362215300.0,2123.43,0.0516,2150.8,0.0776
1778,1,1681362215400.0,2123.44,0.0013,2150.79,0.0044
1779,1,1681362215600.0,2123.45,0.0515,2150.78,0.0776
1780,1,1681362215700.0,2123.46,0.0013,2150.77,0.0044
1781,1,1681362215900.0,2123.47,0.051,2150.76,0.0776
1782,1,1681362216100.0,2123.48,0.0013,2150.75,0.0044
1783,1,1681362216200.0,2123.48,0.0013,2150.75,0.0126
1784,1,1681362216300.0,2123.49,0.0507,2150.74,0.0776
1785,1,1681362216400.0,2123.5,0.0013,2150.73,0.006699999999999999
1786,1,1681362216500.0,2123.5,0.0013,2150.73,0.0059
1787,1,1681362216600.0,2123.51,0.0512,2150.72,0.0776
1788,1,1681362216700.0,2123.52,0.0013,2150.71,0.0044
1789,1,1681362216800.0,2123.53,0.0516,2150.7,0.0776
1790,1,1681362216900.0,2123.54,0.0013,2150.69,0.0044
1791,1,1681362217000.0,2123.54,0.0013,2150.69,0.0044
1792,1,1681362217100.0,2123.55,0.0508,2150.68,0.0776
1793,1,1681362217200.0,2123.56,0.0013,2150.67,0.0044
1794,1,1681362217300.0,2123.56,0.0013,2150.66,0.0776
1795,1,1681362217400.0,2123.56,0.0013,2150.65,0.0044
1796,1,1681362217500.0,2123.35,0.0428,2150.64,0.0776
1797,1,1681362217600.0,2123.35,0.0428,2150.64,0.0776
1798,1,1681362217700.0,2123.36,0.0013,2150.63,0.0044
1799,1,1681362217800.0,2123.37,0.0482,2150.62,0.0776
1800,1,1681362217900.0,2123.38,0.0013,2150.61,0.0044
1801,1,1681362218100.0,2123.39,0.0455,2150.6,0.0776
1802,1,1681362218200.0,2123.4,0.0013,2150.59,0.0082
1803,1,1681362218300.0,2123.41,0.0465,2150.58,0.0776
1804,1,1681362218400.0,2123.41,0.0465,2150.58,0.0776
1805,1,1681362218500.0,2123.42,0.0013,2150.57,0.0044
1806,1,1681362218600.0,2123.43,0.0534,2150.56,0.0776
1807,1,1681362218700.0,2123.44,0.0013,2150.55,0.008199999999999999
1808,1,1681362218800.0,2123.45,0.0506,2150.54,0.0776
1809,1,1681362219000.0,2123.47,0.053,2150.52,0.0776
1810,1,1681362219100.0,2123.48,0.0013,2150.51,0.008199999999999999
1811,1,1681362219300.0,2123.5,0.0013,2150.49,0.0044
1812,1,1681362219400.0,2123.5,0.0013,2150.49,0.0044
1813,1,1681362219600.0,2123.5,0.0013,2150.49,0.008199999999999999
1814,1,1681362219700.0,2123.51,0.0509,2150.48,0.0776
1815,1,1681362219800.0,2123.52,0.0013,2150.47,0.0044
1816,1,1681362219900.0,2123.52,0.0013,2150.47,0.0082
1817,1,1681362220000.0,2123.53,0.052,2150.46,0.0776
1818,1,1681362220200.0,2123.54,0.0013,2150.45,0.006699999999999999
1819,1,1681362220400.0,2123.55,0.0502,2150.44,0.0776
1820,1,1681362220500.0,2123.56,0.0013,2150.43,0.0044
1821,1,1681362220600.0,2123.56,0.0013,2150.43,0.008199999999999999
1822,1,1681362220700.0,2123.56,0.0013,2150.42,0.0776
1823,1,1681362220800.0,2123.56,0.0013,2150.42,0.0776
1824,1,1681362220900.0,2123.34,0.0013,2150.41,0.006699999999999999
1825,1,1681362221000.0,2123.35,0.0535,2150.4,0.0776
1826,1,1681362221100.0,2123.36,0.0013,2150.39,0.006699999999999999
1827,1,1681362221300.0,2123.37,0.0536,2150.38,0.0776
1828,1,1681362221400.0,2123.38,0.0013,2150.37,0.0038
1829,1,1681362221500.0,2123.39,0.0546,2150.36,0.0776
1830,1,1681362221600.0,2123.4,0.0013,2150.35,0.0038
1831,1,1681362221700.0,2123.4,0.0013,2150.35,0.0038
1832,1,1681362221800.0,2123.41,0.0459,2150.34,0.0776
1833,1,1681362222000.0,2123.42,0.0013,2150.33,0.0044
1834,1,1681362222200.0,2123.42,0.0013,2150.33,0.0044
1835,1,1681362222300.0,2123.43,0.0539,2150.32,0.0776
1836,1,1681362222700.0,2123.44,0.0013,2150.32,0.0787
1837,1,1681362222800.0,2123.45,0.0484,2150.32,0.0787
1838,1,1681362222900.0,2123.46,0.0013,2150.32,0.0776
1839,1,1681362223000.0,2123.47,0.0566,2151.0,0.0776
1840,1,1681362223100.0,2123.48,0.0013,2150.99,0.0082
1841,1,1681362223300.0,2123.48,0.0013,2150.99,0.0015000000000000005
1842,1,1681362223400.0,2123.5,0.0013,2150.97,0.006699999999999999
1843,1,1681362223500.0,2123.5,0.0013,2150.97,0.0014999999999999992
1844,1,1681362223600.0,2123.5,0.0013,2150.97,0.008199999999999999
1845,1,1681362223700.0,2123.5,0.0013,2150.97,0.0088
1846,1,1681362223800.0,2123.51,0.0506,2150.96,0.0776
1847,1,1681362224000.0,2123.52,0.0013,2150.95,0.0044
