,date,timestamp,bid_0_px,bid_0_qty,ask_0_px,ask_0_qty
0,1,1681261200100.0,1115.76,0.547,1117.64,0.0042
1,1,1681261200500.0,1115.76,0.547,1117.63,0.1692
2,1,1681261200600.0,1115.76,0.547,1117.62,0.4823
3,1,1681261200800.0,1115.76,0.547,1117.62,0.4823
4,1,1681261201500.0,1115.76,0.547,1117.62,0.4823
5,1,1681261201600.0,1115.76,0.547,1117.62,0.4823
6,1,1681261201700.0,1115.76,0.547,1117.62,0.4823
7,1,1681261201800.0,1115.76,0.547,1117.61,0.1692
8,1,1681261201900.0,1115.76,0.547,1117.61,0.1692
9,1,1681261202100.0,1115.76,0.547,1117.61,0.1692
10,1,1681261202200.0,1115.65,0.132,1117.61,0.1692
11,1,1681261202300.0,1115.65,0.132,1117.61,0.1692
12,1,1681261202500.0,1115.65,0.132,1117.6,0.0052
13,1,1681261202600.0,1115.65,0.132,1117.59,0.676
14,1,1681261202700.0,1115.65,0.132,1117.58,0.1692
15,1,1681261202800.0,1115.65,0.132,1117.56,0.566
16,1,1681261202900.0,1115.65,0.132,1117.56,0.566
17,1,1681261203000.0,1115.65,0.132,1117.55,0.1692
18,1,1681261203100.0,1115.65,0.132,1117.54,0.0052
19,1,1681261203400.0,1115.65,0.132,1117.53,0.456
20,1,1681261203500.0,1115.65,0.132,1117.53,0.456
21,1,1681261203700.0,1115.65,0.132,1117.53,0.456
22,1,1681261203800.0,1115.65,0.132,1117.52,0.1692
23,1,1681261203900.0,1115.65,0.132,1117.51,0.0052
24,1,1681261204000.0,1115.65,0.132,1117.5,0.1692
25,1,1681261204100.0,1115.65,0.132,1117.5,0.1692
26,1,1681261204200.0,1115.65,0.132,1117.5,0.1692
27,1,1681261204300.0,1115.65,0.132,1117.49,0.4823
28,1,1681261204600.0,1115.65,0.132,1117.49,0.4823
29,1,1681261204700.0,1115.65,0.132,1117.47,0.346
30,1,1681261204800.0,1115.65,0.132,1117.46,0.1692
31,1,1681261204900.0,1115.65,0.132,1117.45,0.0052
32,1,1681261205000.0,1115.65,0.132,1117.43,0.346
33,1,1681261205100.0,1115.65,0.132,1117.42,0.1692
34,1,1681261205200.0,1115.65,0.132,1117.42,0.1692
35,1,1681261205300.0,1115.65,0.132,1117.41,0.0052
36,1,1681261205400.0,1115.65,0.132,1117.41,0.0052
37,1,1681261205500.0,1115.65,0.132,1117.41,0.0052
38,1,1681261205600.0,1115.65,0.132,1117.4,0.1692
39,1,1681261205700.0,1115.65,0.132,1117.39,0.346
40,1,1681261205800.0,1115.65,0.132,1117.38,0.1692
41,1,1681261205900.0,1115.65,0.132,1117.37,0.0052
42,1,1681261206000.0,1115.65,0.132,1117.35,0.236
43,1,1681261206200.0,1115.65,0.132,1117.34,0.1692
44,1,1681261206400.0,1115.65,0.132,1117.32,0.4823
45,1,1681261206500.0,1115.65,0.132,1117.31,0.236
46,1,1681261206700.0,1115.65,0.132,1117.3,0.0052
47,1,1681261206900.0,1115.65,0.132,1117.3,0.0052
48,1,1681261207000.0,1115.65,0.132,1117.3,0.0052
49,1,1681261207500.0,1115.65,0.132,1117.3,0.0052
50,1,1681261207800.0,1115.65,0.132,1117.3,0.0052
51,1,1681261208000.0,1115.65,0.132,1117.3,0.0052
52,1,1681261208600.0,1115.65,0.132,1117.3,0.0052
53,1,1681261208700.0,1115.65,0.132,1117.3,0.0052
54,1,1681261208800.0,1115.65,0.132,1117.29,0.4823
55,1,1681261209200.0,1115.65,0.132,1117.29,0.4823
56,1,1681261209300.0,1115.65,0.132,1117.27,0.126
57,1,1681261209400.0,1115.65,0.132,1117.27,0.126
58,1,1681261209500.0,1115.65,0.132,1117.27,0.126
59,1,1681261209600.0,1115.65,0.132,1117.27,0.126
60,1,1681261209700.0,1115.65,0.132,1117.29,0.4823
61,1,1681261209800.0,1115.65,0.132,1117.29,0.4823
62,1,1681261210000.0,1115.65,0.132,1117.29,0.4823
63,1,1681261210200.0,1115.65,0.132,1117.29,0.4823
64,1,1681261210400.0,1115.65,0.132,1117.29,0.4823
65,1,1681261210600.0,1115.65,0.132,1117.27,0.016
66,1,1681261210700.0,1115.65,0.132,1117.27,0.016
67,1,1681261210800.0,1115.65,0.132,1117.26,0.0052
68,1,1681261210900.0,1115.65,0.132,1117.26,0.4875
69,1,1681261211000.0,1115.65,0.132,1117.26,0.4823
70,1,1681261211100.0,1115.65,0.132,1117.26,0.4823
71,1,1681261211400.0,1115.65,0.132,1117.25,0.0052
72,1,1681261211500.0,1115.65,0.132,1117.25,0.0052
73,1,1681261211600.0,1115.65,0.132,1117.25,0.0052
74,1,1681261211700.0,1115.65,0.132,1117.25,0.0052
75,1,1681261211900.0,1115.65,0.132,1117.25,0.0052
76,1,1681261212000.0,1115.65,0.132,1117.25,0.0052
77,1,1681261212100.0,1115.65,0.132,1117.25,0.0052
78,1,1681261212200.0,1115.65,0.132,1117.25,0.0052
79,1,1681261212500.0,1115.65,0.132,1117.25,0.0052
80,1,1681261212600.0,1115.65,0.132,1117.24,0.016
81,1,1681261212700.0,1115.65,0.132,1117.24,0.016
82,1,1681261212800.0,1115.65,0.132,1117.23,0.0052
83,1,1681261212900.0,1115.65,0.132,1117.23,0.0052
84,1,1681261213000.0,1115.65,0.132,1117.23,0.4823
85,1,1681261213100.0,1115.65,0.132,1117.23,0.4823
86,1,1681261213300.0,1115.65,0.132,1117.22,0.0052
87,1,1681261213400.0,1115.65,0.132,1117.22,0.0052
88,1,1681261213600.0,1115.65,0.132,1117.22,0.0052
89,1,1681261213700.0,1115.65,0.132,1117.22,0.0052
90,1,1681261213800.0,1115.65,0.132,1117.22,0.0052
91,1,1681261213900.0,1115.65,0.132,1117.22,0.0052
92,1,1681261214200.0,1115.65,0.132,1117.22,0.0052
93,1,1681261214300.0,1115.65,0.132,1117.22,0.0052
94,1,1681261214800.0,1115.65,0.132,1117.21,0.016
95,1,1681261214900.0,1115.65,0.132,1117.21,0.016
96,1,1681261215200.0,1115.65,0.132,1117.21,0.016
97,1,1681261215300.0,1115.65,0.132,1117.21,0.016
98,1,1681261215700.0,1115.65,0.132,1117.2,0.0052
99,1,1681261215800.0,1115.65,0.132,1117.2,0.0052
100,1,1681261215900.0,1115.65,0.132,1117.2,0.0052
101,1,1681261216000.0,1115.65,0.132,1117.2,0.0052
102,1,1681261216100.0,1115.65,0.132,1117.2,0.0052
103,1,1681261216200.0,1115.65,0.132,1117.2,0.0052
104,1,1681261216300.0,1115.65,0.132,1117.2,0.0052
105,1,1681261216400.0,1115.65,0.132,1117.2,0.0052
106,1,1681261216500.0,1115.65,0.132,1117.2,0.0052
107,1,1681261216600.0,1115.65,0.132,1117.2,0.0052
108,1,1681261216700.0,1115.65,0.132,1117.2,0.0052
109,1,1681261216800.0,1115.65,0.132,1117.2,0.0052
110,1,1681261216900.0,1115.65,0.132,1117.2,0.0052
111,1,1681261217100.0,1115.65,0.132,1117.2,0.0052
112,1,1681261217300.0,1115.65,0.132,1117.2,0.0052
113,1,1681261217700.0,1115.65,0.132,1117.19,0.1692
114,1,1681261217800.0,1115.65,0.132,1117.19,0.1692
115,1,1681261217900.0,1115.65,0.132,1117.19,0.1692
116,1,1681261218000.0,1115.65,0.132,1117.19,0.1692
117,1,1681261218100.0,1115.65,0.132,1117.17,0.291
118,1,1681261218200.0,1115.65,0.132,1117.17,0.291
119,1,1681261218400.0,1115.65,0.132,1117.16,0.1692
120,1,1681261218500.0,1115.65,0.132,1117.16,0.1692
121,1,1681261218600.0,1115.65,0.132,1117.15,0.0052
122,1,1681261218700.0,1115.65,0.132,1117.13,0.248
123,1,1681261218800.0,1115.65,0.132,1117.12,0.1692
124,1,1681261218900.0,1115.65,0.132,1117.12,0.1692
125,1,1681261219000.0,1115.65,0.132,1117.11,0.0052
126,1,1681261219100.0,1115.65,0.132,1117.1,0.083
127,1,1681261219200.0,1115.65,0.132,1117.1,0.083
128,1,1681261219300.0,1115.65,0.132,1117.1,0.083
129,1,1681261219400.0,1115.65,0.132,1117.1,0.083
130,1,1681261219500.0,1115.65,0.132,1117.1,0.083
131,1,1681261219600.0,1115.65,0.132,1117.09,0.0052
132,1,1681261219700.0,1115.65,0.132,1117.09,0.0052
133,1,1681261219900.0,1115.65,0.132,1117.09,0.0052
134,1,1681261220100.0,1115.65,0.132,1117.09,0.0052
135,1,1681261220600.0,1115.65,0.132,1117.09,0.0052
136,1,1681261220700.0,1115.65,0.132,1117.09,0.0052
137,1,1681261220900.0,1115.65,0.132,1117.09,0.0052
138,1,1681261221000.0,1115.66,0.547,1117.09,0.0052
139,1,1681261221300.0,1115.66,0.547,1117.31,0.4823
140,1,1681261221600.0,1115.66,0.547,1117.31,0.4823
141,1,1681261221700.0,1115.66,0.547,1117.31,0.4823
142,1,1681261221900.0,1115.66,0.547,1117.3,0.0052
143,1,1681261222000.0,1115.66,0.547,1117.3,0.0052
144,1,1681261222100.0,1115.66,0.547,1117.29,0.4823
145,1,1681261222200.0,1115.66,0.547,1117.29,0.4823
146,1,1681261222400.0,1115.66,0.547,1117.29,0.4823
147,1,1681261222500.0,1115.66,0.547,1117.29,0.4823
148,1,1681261222600.0,1115.66,0.547,1117.29,0.4823
149,1,1681261222700.0,1115.66,0.547,1117.28,0.0052
150,1,1681261222900.0,1115.66,0.547,1117.28,0.0052
151,1,1681261223000.0,1115.66,0.547,1117.28,0.0052
152,1,1681261223100.0,1115.66,0.547,1117.28,0.0052
153,1,1681261223300.0,1115.66,0.547,1117.28,0.0052
154,1,1681261223400.0,1115.66,0.547,1117.28,0.0052
155,1,1681261223600.0,1115.66,0.547,1117.28,0.0052
156,1,1681261223800.0,1115.66,0.547,1117.78,0.4823
157,1,1681261223900.0,1115.66,0.547,1117.77,0.1744
158,1,1681261224000.0,1115.66,0.547,1117.76,0.1692
159,1,1681261224200.0,1115.66,0.547,1117.75,0.1744
160,1,1681261224500.0,1115.66,0.547,1117.75,0.1692
161,1,1681261224600.0,1115.66,0.547,1117.75,0.1692
162,1,1681261224700.0,1115.66,0.547,1117.74,0.0052
163,1,1681261224800.0,1115.66,0.547,1117.74,0.0052
164,1,1681261224900.0,1115.66,0.547,1117.73,0.1692
165,1,1681261225000.0,1115.66,0.547,1117.73,0.1692
166,1,1681261225300.0,1115.66,0.547,1117.73,0.1692
167,1,1681261225400.0,1115.66,0.547,1117.73,0.1692
168,1,1681261225500.0,1115.66,0.547,1117.72,0.0052
169,1,1681261225600.0,1115.66,0.547,1117.71,0.1692
170,1,1681261225700.0,1115.66,0.547,1117.71,0.1692
171,1,1681261225900.0,1115.66,0.547,1117.7,0.4875
172,1,1681261226000.0,1115.66,0.547,1117.69,0.1692
173,1,1681261226100.0,1115.66,0.547,1117.69,0.1692
174,1,1681261226200.0,1115.66,0.547,1117.69,0.1692
175,1,1681261226400.0,1115.66,0.547,1117.68,0.0052
176,1,1681261226500.0,1115.66,0.547,1117.68,0.1744
177,1,1681261226600.0,1115.66,0.547,1117.68,0.1692
178,1,1681261226700.0,1115.66,0.547,1117.68,0.1692
179,1,1681261226800.0,1115.66,0.547,1117.67,0.0052
180,1,1681261226900.0,1115.66,0.547,1117.67,0.1744
181,1,1681261227100.0,1115.66,0.547,1117.66,0.0052
182,1,1681261227900.0,1115.66,0.547,1117.66,0.0052
183,1,1681261228000.0,1115.66,0.547,1117.66,0.0052
184,1,1681261228200.0,1115.66,0.547,1117.66,0.1692
185,1,1681261228300.0,1115.66,0.547,1117.66,0.1692
186,1,1681261228700.0,1115.66,0.547,1117.65,0.0052
187,1,1681261228800.0,1115.66,0.547,1117.65,0.1744
188,1,1681261228900.0,1115.66,0.547,1117.65,0.1692
189,1,1681261229000.0,1115.66,0.547,1117.65,0.1692
190,1,1681261229100.0,1115.66,0.547,1117.64,0.0052
191,1,1681261229200.0,1115.66,0.547,1117.64,0.0052
192,1,1681261229400.0,1115.66,0.547,1117.64,0.0052
193,1,1681261229500.0,1115.66,0.547,1117.64,0.0052
194,1,1681261229600.0,1115.66,0.547,1117.64,0.0052
195,1,1681261229700.0,1115.66,0.547,1117.64,0.0052
196,1,1681261229800.0,1115.66,0.547,1117.64,0.0052
197,1,1681261230000.0,1115.66,0.547,1117.64,0.0052
198,1,1681261230100.0,1115.66,0.547,1117.64,0.0052
199,1,1681261230200.0,1115.66,0.547,1117.64,0.0052
200,1,1681261230300.0,1115.66,0.547,1117.64,0.0052
201,1,1681261230400.0,1115.66,0.547,1117.64,0.0052
202,1,1681261230600.0,1115.66,0.547,1117.64,0.0052
203,1,1681261230700.0,1115.66,0.547,1117.64,0.0052
204,1,1681261230800.0,1115.66,0.547,1117.63,0.4823
205,1,1681261230900.0,1115.66,0.547,1117.62,0.0052
206,1,1681261231100.0,1115.66,0.547,1117.62,0.0052
207,1,1681261231200.0,1115.66,0.547,1117.62,0.0052
208,1,1681261231300.0,1115.67,0.386,1117.62,0.0052
209,1,1681261231600.0,1115.67,0.386,1117.62,0.0052
210,1,1681261231700.0,1115.67,0.386,1117.62,0.0052
211,1,1681261231800.0,1115.67,0.386,1117.62,0.0052
212,1,1681261232000.0,1115.67,0.386,1117.62,0.0052
213,1,1681261232200.0,1115.67,0.386,1117.62,0.0052
214,1,1681261232300.0,1115.67,0.386,1117.62,0.0052
215,1,1681261232400.0,1115.67,0.386,1117.62,0.0052
216,1,1681261233000.0,1115.67,0.386,1117.62,0.0052
217,1,1681261233100.0,1115.67,0.386,1117.61,0.4823
218,1,1681261233200.0,1115.67,0.386,1117.61,0.4823
219,1,1681261233400.0,1115.67,0.386,1117.61,0.4823
220,1,1681261233600.0,1115.67,0.386,1117.6,0.0052
221,1,1681261233700.0,1115.67,0.386,1117.6,0.0052
222,1,1681261233800.0,1115.67,0.386,1117.6,0.0052
223,1,1681261234200.0,1115.67,0.386,1117.6,0.0052
224,1,1681261234400.0,1115.67,0.386,1117.6,0.0052
225,1,1681261234500.0,1115.67,0.386,1117.6,0.0052
226,1,1681261235200.0,1115.67,0.386,1117.58,0.4823
227,1,1681261235300.0,1115.67,0.386,1117.58,0.4823
228,1,1681261235400.0,1115.67,0.386,1117.57,0.1692
229,1,1681261235600.0,1115.67,0.386,1117.56,0.0052
230,1,1681261235800.0,1115.67,0.386,1117.56,0.1744
231,1,1681261235900.0,1115.67,0.386,1117.56,0.1692
232,1,1681261236100.0,1115.67,0.386,1117.55,0.0052
233,1,1681261236200.0,1115.67,0.386,1117.55,0.0052
234,1,1681261236600.0,1115.67,0.386,1117.55,0.0052
235,1,1681261236700.0,1115.67,0.386,1117.55,0.0052
236,1,1681261236900.0,1115.67,0.386,1117.55,0.0052
237,1,1681261237000.0,1115.67,0.386,1117.55,0.0052
238,1,1681261237100.0,1115.67,0.386,1117.55,0.0052
239,1,1681261237400.0,1115.67,0.386,1117.54,0.4823
240,1,1681261237500.0,1115.67,0.386,1117.54,0.4823
241,1,1681261237700.0,1115.67,0.386,1117.53,0.0052
242,1,1681261237800.0,1115.67,0.386,1117.53,0.0052
243,1,1681261237900.0,1115.67,0.386,1117.53,0.0052
244,1,1681261238000.0,1115.67,0.386,1117.53,0.0052
245,1,1681261238300.0,1115.67,0.386,1117.53,0.0052
246,1,1681261238500.0,1115.67,0.386,1117.53,0.0052
247,1,1681261238600.0,1115.67,0.386,1117.53,0.0052
248,1,1681261238800.0,1115.67,0.386,1117.53,0.0052
249,1,1681261238900.0,1115.67,0.386,1117.53,0.0052
250,1,1681261239100.0,1115.67,0.386,1117.53,0.0052
251,1,1681261239200.0,1115.67,0.386,1117.53,0.0052
252,1,1681261239400.0,1115.67,0.386,1117.53,0.0052
253,1,1681261239500.0,1115.67,0.386,1117.53,0.0052
254,1,1681261239600.0,1115.67,0.386,1117.53,0.0052
255,1,1681261239700.0,1115.67,0.386,1117.53,0.0052
256,1,1681261239800.0,1115.67,0.386,1117.53,0.0052
257,1,1681261240000.0,1115.67,0.386,1117.53,0.0052
258,1,1681261240100.0,1115.67,0.386,1117.52,0.4823
259,1,1681261240300.0,1115.67,0.386,1117.52,0.4823
260,1,1681261240400.0,1115.67,0.386,1117.52,0.4823
261,1,1681261240500.0,1115.67,0.386,1117.52,0.4823
262,1,1681261240600.0,1115.67,0.386,1117.52,0.4823
263,1,1681261240700.0,1115.66,0.547,1117.51,0.0052
264,1,1681261240900.0,1115.66,0.547,1117.51,0.0052
265,1,1681261241400.0,1115.66,0.547,1117.51,0.0052
266,1,1681261241700.0,1115.66,0.547,1117.51,0.0052
267,1,1681261241800.0,1115.66,0.547,1117.51,0.0052
268,1,1681261241900.0,1115.66,0.547,1117.81,0.4823
269,1,1681261242000.0,1115.66,0.547,1117.8,0.0052
270,1,1681261242400.0,1115.66,0.547,1117.8,0.0052
271,1,1681261242600.0,1115.66,0.547,1117.8,0.0052
272,1,1681261242700.0,1115.66,0.547,1117.8,0.0052
273,1,1681261242900.0,1115.66,0.547,1117.8,0.0052
274,1,1681261243000.0,1115.66,0.547,1117.8,0.0052
275,1,1681261243100.0,1115.66,0.547,1117.8,0.0052
276,1,1681261243300.0,1115.66,0.547,1117.79,0.1692
277,1,1681261243500.0,1115.66,0.547,1117.78,0.0052
278,1,1681261243600.0,1115.66,0.547,1117.78,0.0052
279,1,1681261243700.0,1115.66,0.547,1117.78,0.0052
280,1,1681261243800.0,1115.66,0.547,1117.77,0.4823
281,1,1681261243900.0,1115.66,0.547,1117.77,0.6515
282,1,1681261244000.0,1115.66,0.547,1117.76,0.1692
283,1,1681261244200.0,1115.66,0.547,1117.75,0.0052
284,1,1681261244300.0,1115.66,0.547,1117.75,0.0052
285,1,1681261244400.0,1115.66,0.547,1117.74,0.1692
286,1,1681261244700.0,1115.66,0.547,1117.74,0.1692
287,1,1681261244900.0,1115.66,0.547,1117.74,0.1692
288,1,1681261245000.0,1115.66,0.547,1117.74,0.1692
289,1,1681261245100.0,1115.66,0.547,1117.73,0.0052
290,1,1681261245200.0,1115.66,0.547,1117.73,0.0052
291,1,1681261245500.0,1115.66,0.547,1117.73,0.0052
292,1,1681261245700.0,1115.66,0.547,1117.73,0.0052
293,1,1681261245800.0,1115.66,0.547,1117.73,0.0052
294,1,1681261245900.0,1115.66,0.547,1117.73,0.0052
295,1,1681261246000.0,1115.66,0.547,1117.73,0.0052
296,1,1681261246100.0,1115.66,0.547,1117.71,0.4823
297,1,1681261246500.0,1115.66,0.547,1117.7,0.1744
298,1,1681261246600.0,1115.66,0.547,1117.69,0.1692
299,1,1681261246700.0,1115.66,0.547,1117.68,0.0052
300,1,1681261246800.0,1115.66,0.547,1117.68,0.0052
301,1,1681261246900.0,1115.66,0.547,1117.68,0.0052
302,1,1681261247100.0,1115.66,0.547,1117.68,0.1744
303,1,1681261247300.0,1115.66,0.547,1117.68,0.1744
304,1,1681261247500.0,1115.66,0.547,1117.68,0.1692
305,1,1681261248000.0,1115.66,0.547,1117.68,0.1692
306,1,1681261248500.0,1115.66,0.547,1117.66,0.4823
307,1,1681261248600.0,1115.66,0.547,1117.66,0.4823
308,1,1681261249000.0,1115.66,0.547,1117.66,0.4823
309,1,1681261249100.0,1115.66,0.547,1117.66,0.4823
310,1,1681261249300.0,1115.66,0.547,1117.66,0.4823
311,1,1681261249500.0,1115.66,0.547,1117.65,0.0052
312,1,1681261249700.0,1115.66,0.547,1117.65,0.0052
313,1,1681261249800.0,1115.66,0.547,1117.65,0.0052
314,1,1681261249900.0,1115.66,0.547,1117.65,0.0052
315,1,1681261250100.0,1115.66,0.547,1117.65,0.0052
316,1,1681261250400.0,1115.66,0.547,1117.65,0.0052
317,1,1681261250500.0,1115.66,0.547,1117.65,0.0052
318,1,1681261250600.0,1115.66,0.547,1117.64,0.4823
319,1,1681261250700.0,1115.66,0.547,1117.64,0.4823
320,1,1681261250800.0,1115.66,0.547,1117.64,0.4823
321,1,1681261251000.0,1115.66,0.547,1117.63,0.0052
322,1,1681261251100.0,1115.66,0.547,1117.63,0.0052
323,1,1681261251300.0,1115.66,0.547,1117.63,0.0052
324,1,1681261251500.0,1115.66,0.547,1117.63,0.0052
325,1,1681261251600.0,1115.66,0.547,1117.63,0.0052
326,1,1681261251800.0,1115.66,0.547,1117.63,0.0052
327,1,1681261252000.0,1115.66,0.547,1117.63,0.0052
328,1,1681261252300.0,1115.66,0.547,1117.63,0.0052
329,1,1681261252400.0,1115.66,0.547,1117.63,0.0052
330,1,1681261252500.0,1115.66,0.547,1117.63,0.0052
331,1,1681261252600.0,1115.66,0.547,1117.63,0.0052
332,1,1681261252700.0,1115.66,0.547,1117.63,0.0052
333,1,1681261252900.0,1115.66,0.547,1117.62,0.4823
334,1,1681261253000.0,1115.66,0.547,1117.62,0.4823
335,1,1681261253100.0,1115.66,0.547,1117.61,0.0052
336,1,1681261253300.0,1115.66,0.547,1117.61,0.0052
337,1,1681261253500.0,1115.66,0.547,1117.61,0.0052
338,1,1681261253600.0,1115.66,0.547,1117.61,0.0052
339,1,1681261253700.0,1115.66,0.547,1117.6,0.1692
340,1,1681261253800.0,1115.66,0.547,1117.6,0.1692
341,1,1681261253900.0,1115.66,0.547,1117.59,0.0052
342,1,1681261254000.0,1115.66,0.547,1117.59,0.0052
343,1,1681261254100.0,1115.66,0.547,1117.59,0.0052
344,1,1681261254300.0,1115.66,0.547,1117.59,0.0052
345,1,1681261254400.0,1115.66,0.547,1117.59,0.0052
346,1,1681261254800.0,1115.66,0.547,1117.59,0.0052
347,1,1681261254900.0,1115.67,0.0814,1117.59,0.0052
348,1,1681261255000.0,1115.67,0.0814,1117.58,0.4823
349,1,1681261255300.0,1115.67,0.0814,1117.58,0.4823
350,1,1681261255400.0,1115.67,0.0814,1117.57,0.0052
351,1,1681261255500.0,1115.67,0.0814,1117.57,0.0052
352,1,1681261255600.0,1115.67,0.0814,1117.57,0.0052
353,1,1681261255800.0,1115.67,0.0814,1117.57,0.0052
354,1,1681261255900.0,1115.67,0.0814,1117.56,0.1692
355,1,1681261256000.0,1115.67,0.0814,1117.56,0.1692
356,1,1681261256100.0,1115.67,0.0814,1117.55,0.0052
357,1,1681261256200.0,1115.67,0.0814,1117.55,0.0052
358,1,1681261256400.0,1115.67,0.0814,1117.54,0.4823
359,1,1681261256500.0,1115.67,0.0814,1117.54,0.6515
360,1,1681261256600.0,1115.67,0.0814,1117.54,0.6515
361,1,1681261256700.0,1115.67,0.0814,1117.53,0.1692
362,1,1681261256800.0,1115.67,0.0814,1117.52,0.0052
363,1,1681261256900.0,1115.67,0.0814,1117.51,0.1692
364,1,1681261257100.0,1115.67,0.0814,1117.51,0.1692
365,1,1681261257200.0,1115.67,0.0814,1117.5,0.0052
366,1,1681261257300.0,1115.67,0.0814,1117.49,0.1692
367,1,1681261258000.0,1115.67,0.0814,1117.49,0.1692
368,1,1681261258100.0,1115.67,0.0814,1117.49,0.1692
369,1,1681261258200.0,1115.67,0.0814,1117.49,0.1692
370,1,1681261258300.0,1115.67,0.0814,1117.49,0.1692
371,1,1681261258400.0,1115.67,0.0814,1117.48,0.0052
372,1,1681261258500.0,1115.67,0.0814,1117.48,0.0052
373,1,1681261258600.0,1115.67,0.0814,1117.48,0.0052
374,1,1681261258700.0,1115.67,0.0814,1117.48,0.0052
375,1,1681261258900.0,1115.67,0.0814,1117.47,0.4823
376,1,1681261259000.0,1115.67,0.0814,1117.47,0.4823
377,1,1681261259200.0,1115.67,0.0814,1117.47,0.4823
378,1,1681261259400.0,1115.67,0.0814,1117.46,0.0052
379,1,1681261259500.0,1115.67,0.0814,1116.51,0.008292365
380,1,1681261259600.0,1115.67,0.0814,1116.51,0.008292365
381,1,1681261259700.0,1115.67,0.0814,1116.51,0.008292365
382,1,1681261259800.0,1115.67,0.0814,1116.51,0.008292365
383,1,1681261259900.0,1115.67,0.0814,1116.51,0.008292365
384,1,1681261260000.0,1115.67,0.0814,1116.51,0.008292365
385,1,1681261260400.0,1115.67,0.0814,1116.51,0.008292365
386,1,1681261260500.0,1115.67,0.0814,1116.51,0.008292365
387,1,1681261260600.0,1115.67,0.0814,1116.51,0.008292365
388,1,1681261260700.0,1115.67,0.0814,1116.51,0.008292365
389,1,1681261260800.0,1115.67,0.0814,1116.51,0.008292365
390,1,1681261260900.0,1115.67,0.0814,1116.51,0.008292365
391,1,1681261261000.0,1115.67,0.0814,1116.51,0.008292365
392,1,1681261261100.0,1115.67,0.0814,1116.51,0.008292365
393,1,1681261261400.0,1115.67,0.0814,1116.51,0.008292365
394,1,1681261261500.0,1115.67,0.0814,1116.51,0.008292365
395,1,1681261261700.0,1115.67,0.0814,1116.51,0.008292365
396,1,1681261261800.0,1115.67,0.0814,1116.51,0.008292365
397,1,1681261261900.0,1115.66,0.547,1116.51,0.008292365
398,1,1681261262800.0,1115.66,0.547,1116.51,0.008292365
399,1,1681261262900.0,1115.66,0.547,1116.51,0.008292365
400,1,1681261263000.0,1115.66,0.547,1116.51,0.008292365
401,1,1681261263100.0,1115.66,0.547,1116.51,0.008292365
402,1,1681261263400.0,1115.66,0.547,1116.51,0.008292365
403,1,1681261263900.0,1115.66,0.547,1116.51,0.008292365
404,1,1681261264000.0,1115.67,0.1796,1116.51,0.008292365
405,1,1681261265600.0,1115.67,0.1796,1116.51,0.008292365
406,1,1681261266200.0,1115.67,0.1796,1116.51,0.008292365
407,1,1681261266300.0,1115.67,0.1796,1116.51,0.008292365
408,1,1681261266800.0,1115.67,0.1796,1116.51,0.008292365
409,1,1681261267100.0,1115.67,0.1796,1116.51,0.008292365
410,1,1681261267300.0,1115.67,0.1796,1116.51,0.008292365
411,1,1681261267400.0,1115.67,0.1796,1116.51,0.008292365
412,1,1681261267500.0,1115.67,0.1796,1116.51,0.008292365
413,1,1681261267600.0,1115.67,0.1796,1116.51,0.008292365
414,1,1681261267700.0,1115.67,0.1796,1116.51,0.008292365
415,1,1681261267800.0,1115.67,0.1796,1116.51,0.008292365
416,1,1681261267900.0,1115.67,0.1796,1116.51,0.008292365
417,1,1681261268000.0,1115.67,0.1796,1116.51,0.008292365
418,1,1681261268100.0,1115.67,0.1796,1116.51,0.008292365
419,1,1681261268200.0,1115.67,0.1796,1116.51,0.008292365
420,1,1681261268400.0,1115.67,0.1796,1116.51,0.008292365
421,1,1681261268500.0,1115.67,0.1796,1116.51,0.008292365
422,1,1681261268600.0,1115.67,0.1796,1116.51,0.008292365
423,1,1681261268700.0,1115.67,0.1796,1116.51,0.008292365
424,1,1681261268800.0,1115.67,0.1796,1116.51,0.008292365
425,1,1681261268900.0,1115.67,0.1796,1116.51,0.008292365
426,1,1681261269100.0,1115.67,0.1796,1116.51,0.008292365
427,1,1681261269300.0,1115.67,0.1796,1116.51,0.008292365
428,1,1681261269400.0,1115.67,0.1796,1116.51,0.008292365
429,1,1681261269500.0,1115.67,0.1796,1116.51,0.008292365
430,1,1681261270600.0,1115.66,0.547,1116.51,0.008292365
431,1,1681261270700.0,1115.66,0.547,1116.51,0.008292365
432,1,1681261270800.0,1115.66,0.547,1116.51,0.008292365
433,1,1681261270900.0,1115.66,0.547,1116.51,0.008292365
434,1,1681261271100.0,1115.66,0.547,1116.51,0.008292365
435,1,1681261271400.0,1115.65,0.132,1116.51,0.008292365
436,1,1681261271600.0,1115.65,0.132,1116.51,0.008292365
437,1,1681261271700.0,1115.65,0.132,1116.51,0.008292365
438,1,1681261272000.0,1115.65,0.132,1116.51,0.008292365
439,1,1681261272100.0,1115.65,0.132,1116.51,0.008292365
440,1,1681261272400.0,1115.65,0.132,1116.51,0.008292365
441,1,1681261273700.0,1115.65,0.132,1116.51,0.008292365
442,1,1681261273900.0,1115.65,0.132,1116.51,0.008292365
443,1,1681261274000.0,1115.65,0.132,1116.51,0.008292365
444,1,1681261274100.0,1115.65,0.132,1116.51,0.008292365
445,1,1681261274200.0,1115.65,0.132,1116.51,0.008292365
446,1,1681261274800.0,1115.65,0.132,1116.51,0.008292365
447,1,1681261274900.0,1115.65,0.132,1116.51,0.008292365
448,1,1681261275100.0,1115.65,0.132,1116.51,0.008292365
449,1,1681261275300.0,1115.65,0.132,1116.51,0.008292365
450,1,1681261275500.0,1115.65,0.132,1116.51,0.008292365
451,1,1681261275600.0,1115.65,0.132,1116.51,0.008292365
452,1,1681261275700.0,1115.65,0.132,1116.51,0.008292365
453,1,1681261275800.0,1115.65,0.132,1116.51,0.008292365
454,1,1681261275900.0,1115.66,0.0076,1116.51,0.008292365
455,1,1681261276000.0,1115.66,0.0076,1116.51,0.008292365
456,1,1681261276800.0,1115.66,0.0076,1116.51,0.008292365
457,1,1681261276900.0,1115.66,0.0076,1116.51,0.008292365
458,1,1681261277000.0,1115.66,0.0076,1116.51,0.008292365
459,1,1681261277100.0,1115.66,0.0076,1116.51,0.008292365
460,1,1681261277200.0,1115.67,0.547,1116.51,0.008292365
461,1,1681261277600.0,1115.68,0.0076,1116.51,0.008292365
462,1,1681261277800.0,1115.68,0.0076,1116.51,0.008292365
463,1,1681261278000.0,1115.68,0.0076,1116.51,0.008292365
464,1,1681261278100.0,1115.68,0.0076,1116.51,0.008292365
465,1,1681261278200.0,1115.68,0.0076,1116.51,0.008292365
466,1,1681261278300.0,1115.68,0.0076,1116.51,0.008292365
467,1,1681261278500.0,1115.68,0.0076,1116.51,0.008292365
468,1,1681261278700.0,1115.68,0.0076,1116.51,0.008292365
469,1,1681261278800.0,1115.68,0.0076,1116.51,0.008292365
470,1,1681261279000.0,1115.68,0.0076,1116.51,0.008292365
471,1,1681261279300.0,1115.68,0.0076,1116.51,0.008292365
472,1,1681261279400.0,1115.68,0.0076,1116.51,0.008292365
473,1,1681261279500.0,1115.68,0.0076,1116.51,0.008292365
474,1,1681261279700.0,1115.68,0.0076,1116.51,0.008292365
475,1,1681261279800.0,1115.68,0.0076,1116.51,0.008292365
476,1,1681261280000.0,1115.68,0.0076,1116.51,0.008292365
477,1,1681261280100.0,1115.68,0.0076,1116.51,0.008292365
478,1,1681261280400.0,1115.68,0.0076,1116.51,0.008292365
479,1,1681261280500.0,1115.68,0.0076,1116.51,0.008292365
480,1,1681261280700.0,1115.68,0.0076,1116.51,0.008292365
481,1,1681261280800.0,1115.68,0.0076,1116.51,0.008292365
482,1,1681261280900.0,1115.68,0.0076,1116.51,0.008292365
483,1,1681261281000.0,1115.68,0.0076,1116.51,0.008292365
484,1,1681261281200.0,1115.68,0.0076,1116.51,0.008292365
485,1,1681261281300.0,1115.68,0.0076,1116.51,0.008292365
486,1,1681261281400.0,1115.68,0.0076,1116.51,0.008292365
487,1,1681261281500.0,1115.69,0.1916,1116.51,0.008292365
488,1,1681261281600.0,1115.69,0.1916,1116.51,0.008292365
489,1,1681261281700.0,1115.71,0.547,1116.51,0.008292365
490,1,1681261281800.0,1115.72,0.0076,1116.51,0.008292365
491,1,1681261282000.0,1115.72,0.0076,1116.51,0.008292365
492,1,1681261282300.0,1115.72,0.0076,1116.51,0.008292365
493,1,1681261282500.0,1115.72,0.0076,1116.51,0.008292365
494,1,1681261282700.0,1115.72,0.0076,1116.51,0.008292365
495,1,1681261282900.0,1115.72,0.0076,1116.51,0.008292365
496,1,1681261283100.0,1115.72,0.0076,1116.51,0.008292365
497,1,1681261284100.0,1115.72,0.0076,1116.51,0.008292365
498,1,1681261284200.0,1115.72,0.0076,1116.51,0.008292365
499,1,1681261284400.0,1115.72,0.0076,1116.51,0.008292365
500,1,1681261284500.0,1115.72,0.0076,1116.51,0.008292365
501,1,1681261284600.0,1115.72,0.0076,1116.51,0.008292365
502,1,1681261284700.0,1115.72,0.0076,1116.51,0.008292365
503,1,1681261284800.0,1115.72,0.0076,1116.51,0.008292365
504,1,1681261285000.0,1115.72,0.0076,1116.51,0.008292365
505,1,1681261285100.0,1115.72,0.0076,1116.51,0.008292365
506,1,1681261285300.0,1115.72,0.0076,1116.51,0.008292365
507,1,1681261285500.0,1115.72,0.0076,1116.51,0.008292365
508,1,1681261285700.0,1115.72,0.0076,1116.51,0.008292365
509,1,1681261285800.0,1115.73,0.0823,1116.51,0.008292365
510,1,1681261285900.0,1115.73,0.0823,1116.51,0.008292365
511,1,1681261286000.0,1115.73,0.0823,1116.51,0.008292365
512,1,1681261286100.0,1115.73,0.0823,1116.51,0.008292365
513,1,1681261286200.0,1115.74,0.547,1116.51,0.008292365
514,1,1681261286400.0,1115.74,0.547,1116.51,0.008292365
515,1,1681261286500.0,1115.74,0.547,1116.51,0.008292365
516,1,1681261286700.0,1115.74,0.547,1116.51,0.008292365
517,1,1681261286900.0,1115.74,0.547,1116.51,0.008292365
518,1,1681261287000.0,1115.74,0.547,1116.51,0.008292365
519,1,1681261287100.0,1115.74,0.547,1116.51,0.008292365
520,1,1681261287200.0,1115.74,0.547,1116.51,0.008292365
521,1,1681261287300.0,1115.75,0.1633,1116.51,0.008292365
522,1,1681261287400.0,1115.75,0.1633,1116.51,0.008292365
523,1,1681261287600.0,1115.75,0.1633,1116.51,0.008292365
524,1,1681261287800.0,1115.75,0.1633,1116.51,0.008292365
525,1,1681261287900.0,1115.75,0.1633,1116.51,0.008292365
526,1,1681261288000.0,1115.76,0.365,1116.51,0.008292365
527,1,1681261288100.0,1115.76,0.365,1116.51,0.008292365
528,1,1681261288200.0,1115.76,0.365,1116.51,0.008292365
529,1,1681261288300.0,1115.76,0.365,1116.51,0.008292365
530,1,1681261288500.0,1115.76,0.365,1116.51,0.008292365
531,1,1681261288700.0,1115.76,0.365,1116.51,0.008292365
532,1,1681261288800.0,1115.76,0.365,1116.51,0.008292365
533,1,1681261288900.0,1115.76,0.365,1116.51,0.008292365
534,1,1681261289000.0,1115.76,0.365,1116.51,0.008292365
535,1,1681261289100.0,1115.76,0.365,1116.51,0.008292365
536,1,1681261289400.0,1115.76,0.365,1116.51,0.008292365
537,1,1681261289500.0,1115.76,0.365,1116.51,0.008292365
538,1,1681261289600.0,1115.76,0.365,1116.51,0.008292365
539,1,1681261290000.0,1115.76,0.365,1116.51,0.008292365
540,1,1681261290200.0,1115.76,0.365,1116.51,0.008292365
541,1,1681261290300.0,1115.76,0.365,1116.51,0.008292365
542,1,1681261290500.0,1115.76,0.365,1116.51,0.008292365
543,1,1681261291000.0,1115.75,0.1633,1116.51,0.008292365
544,1,1681261291100.0,1115.76,0.365,1116.51,0.008292365
545,1,1681261291300.0,1115.76,0.365,1116.51,0.008292365
546,1,1681261291400.0,1115.76,0.365,1116.51,0.008292365
547,1,1681261291500.0,1115.76,0.365,1116.51,0.008292365
548,1,1681261291700.0,1115.76,0.365,1116.51,0.008292365
549,1,1681261291900.0,1115.76,0.365,1116.51,0.008292365
550,1,1681261292000.0,1115.76,0.365,1116.51,0.008292365
551,1,1681261292100.0,1115.76,0.365,1116.51,0.008292365
552,1,1681261292400.0,1115.76,0.365,1116.51,0.008292365
553,1,1681261292600.0,1115.76,0.365,1116.51,0.008292365
554,1,1681261292700.0,1115.76,0.365,1116.51,0.008292365
555,1,1681261292800.0,1115.76,0.365,1116.51,0.008292365
556,1,1681261293000.0,1115.76,0.365,1116.51,0.008292365
557,1,1681261293100.0,1115.76,0.365,1116.51,0.008292365
558,1,1681261293300.0,1115.76,0.365,1116.51,0.008292365
559,1,1681261293500.0,1115.76,0.365,1116.51,0.008292365
560,1,1681261293600.0,1115.76,0.365,1116.51,0.008292365
561,1,1681261293700.0,1115.76,0.365,1116.51,0.008292365
562,1,1681261293800.0,1115.76,0.365,1116.51,0.008292365
563,1,1681261293900.0,1115.76,0.365,1116.51,0.008292365
564,1,1681261294100.0,1115.76,0.365,1116.51,0.008292365
565,1,1681261294300.0,1115.76,0.365,1116.51,0.008292365
566,1,1681261294400.0,1115.76,0.365,1116.51,0.008292365
567,1,1681261294500.0,1115.76,0.365,1116.51,0.008292365
568,1,1681261294600.0,1115.76,0.365,1116.51,0.008292365
569,1,1681261294700.0,1115.76,0.365,1116.51,0.008292365
570,1,1681261294800.0,1115.76,0.365,1116.51,0.008292365
571,1,1681261295000.0,1115.76,0.365,1116.51,0.008292365
572,1,1681261295100.0,1115.76,0.365,1116.51,0.008292365
573,1,1681261295200.0,1115.76,0.365,1116.51,0.008292365
574,1,1681261295300.0,1115.65,0.132,1116.51,0.008292365
575,1,1681261295400.0,1115.65,0.132,1116.51,0.008292365
576,1,1681261295500.0,1115.65,0.132,1116.51,0.008292365
577,1,1681261295600.0,1115.65,0.132,1116.51,0.008292365
578,1,1681261295700.0,1115.65,0.132,1116.51,0.008292365
579,1,1681261295900.0,1115.65,0.132,1116.51,0.008292365
580,1,1681261296000.0,1115.65,0.132,1116.51,0.008292365
581,1,1681261296100.0,1115.65,0.132,1116.51,0.008292365
582,1,1681261296200.0,1115.65,0.132,1116.51,0.008292365
583,1,1681261296500.0,1115.65,0.132,1116.51,0.008292365
584,1,1681261296600.0,1115.65,0.132,1116.51,0.008292365
585,1,1681261296800.0,1115.65,0.132,1116.51,0.008292365
586,1,1681261297200.0,1115.65,0.132,1116.51,0.008292365
587,1,1681261297300.0,1115.65,0.132,1116.51,0.008292365
588,1,1681261297400.0,1115.65,0.132,1116.51,0.008292365
589,1,1681261297700.0,1115.65,0.132,1116.51,0.008292365
590,1,1681261298100.0,1115.66,0.365,1116.51,0.008292365
591,1,1681261298300.0,1115.66,0.365,1116.51,0.008292365
592,1,1681261298400.0,1115.66,0.365,1116.51,0.008292365
593,1,1681261298900.0,1115.66,0.365,1116.51,0.008292365
594,1,1681261299000.0,1115.66,0.365,1116.51,0.008292365
595,1,1681261299100.0,1115.66,0.365,1116.51,0.008292365
596,1,1681261299400.0,1115.66,0.365,1116.51,0.008292365
597,1,1681261299500.0,1115.66,0.365,1116.51,0.008292365
598,1,1681261299800.0,1115.66,0.365,1116.51,0.008292365
599,1,1681261299900.0,1115.66,0.365,1116.51,0.008292365
600,1,1681261300000.0,1115.65,0.132,1116.51,0.008292365
601,1,1681261300100.0,1115.65,0.132,1116.51,0.008292365
602,1,1681261300200.0,1115.65,0.132,1116.51,0.008292365
603,1,1681261300300.0,1115.66,0.365,1116.51,0.008292365
604,1,1681261300400.0,1115.66,0.365,1116.51,0.008292365
605,1,1681261300700.0,1115.66,0.365,1116.51,0.008292365
606,1,1681261300800.0,1115.66,0.365,1116.51,0.008292365
607,1,1681261300900.0,1115.66,0.365,1116.51,0.008292365
608,1,1681261301000.0,1115.66,0.365,1116.51,0.008292365
609,1,1681261301100.0,1115.66,0.365,1116.51,0.008292365
610,1,1681261301400.0,1115.66,0.365,1116.51,0.008292365
611,1,1681261301600.0,1115.66,0.365,1116.51,0.008292365
612,1,1681261301700.0,1115.66,0.365,1116.51,0.008292365
613,1,1681261301900.0,1115.65,0.132,1116.51,0.008292365
614,1,1681261302300.0,1115.65,0.132,1116.51,0.008292365
615,1,1681261302500.0,1115.65,0.132,1116.51,0.008292365
616,1,1681261302600.0,1115.65,0.132,1116.51,0.008292365
617,1,1681261302700.0,1115.65,0.132,1116.51,0.008292365
618,1,1681261302800.0,1115.65,0.132,1116.51,0.008292365
619,1,1681261302900.0,1115.65,0.132,1116.51,0.008292365
620,1,1681261303000.0,1115.65,0.132,1116.51,0.008292365
621,1,1681261303100.0,1115.65,0.132,1116.51,0.008292365
622,1,1681261303200.0,1115.65,0.132,1116.5,0.128
623,1,1681261303500.0,1115.65,0.132,1116.5,0.128
624,1,1681261303700.0,1115.65,0.132,1116.5,0.128
625,1,1681261303800.0,1115.65,0.132,1116.5,0.128
626,1,1681261303900.0,1115.65,0.132,1116.5,0.128
627,1,1681261304100.0,1115.65,0.132,1116.5,0.128
628,1,1681261304300.0,1115.65,0.132,1116.5,0.128
629,1,1681261304500.0,1115.65,0.132,1116.5,0.128
630,1,1681261304600.0,1115.65,0.132,1116.5,0.128
631,1,1681261304700.0,1115.65,0.132,1116.5,0.128
632,1,1681261305100.0,1115.65,0.132,1116.5,0.128
633,1,1681261305900.0,1115.65,0.132,1116.5,0.128
634,1,1681261306000.0,1115.65,0.132,1116.5,0.128
635,1,1681261306100.0,1115.65,0.132,1116.5,0.128
636,1,1681261306500.0,1115.65,0.132,1116.5,0.128
637,1,1681261306600.0,1115.65,0.132,1116.5,0.128
638,1,1681261306800.0,1115.65,0.132,1116.5,0.128
639,1,1681261307000.0,1115.65,0.132,1116.5,0.128
640,1,1681261307100.0,1115.65,0.132,1116.5,0.128
641,1,1681261307300.0,1115.65,0.132,1116.5,0.128
642,1,1681261307600.0,1115.65,0.132,1116.5,0.128
643,1,1681261307700.0,1115.65,0.132,1116.5,0.128
644,1,1681261307900.0,1115.65,0.132,1116.5,0.128
645,1,1681261308000.0,1115.65,0.132,1116.5,0.128
646,1,1681261308100.0,1115.65,0.132,1116.5,0.128
647,1,1681261308400.0,1115.65,0.132,1116.5,0.128
648,1,1681261308500.0,1115.65,0.132,1116.5,0.128
649,1,1681261308700.0,1115.65,0.132,1116.5,0.128
650,1,1681261308900.0,1115.65,0.132,1116.5,0.128
651,1,1681261309000.0,1115.65,0.132,1116.5,0.128
652,1,1681261309100.0,1115.65,0.132,1116.5,0.128
653,1,1681261309200.0,1115.65,0.132,1116.5,0.128
654,1,1681261309300.0,1115.65,0.132,1116.5,0.128
655,1,1681261309400.0,1115.65,0.132,1116.5,0.128
656,1,1681261309700.0,1115.65,0.132,1116.5,0.128
657,1,1681261309900.0,1115.65,0.132,1116.5,0.128
658,1,1681261310000.0,1115.65,0.132,1116.5,0.128
659,1,1681261310200.0,1115.65,0.132,1116.5,0.128
660,1,1681261310500.0,1115.65,0.132,1116.5,0.128
661,1,1681261310600.0,1115.65,0.132,1116.5,0.128
662,1,1681261310700.0,1115.65,0.132,1116.5,0.128
663,1,1681261310800.0,1115.65,0.132,1116.5,0.128
664,1,1681261311100.0,1115.65,0.132,1116.5,0.128
665,1,1681261311700.0,1115.65,0.132,1116.5,0.128
666,1,1681261311800.0,1115.65,0.132,1116.5,0.128
667,1,1681261311900.0,1115.65,0.132,1116.5,0.128
668,1,1681261312000.0,1115.65,0.132,1116.5,0.128
669,1,1681261312100.0,1115.65,0.132,1116.5,0.128
670,1,1681261312400.0,1115.65,0.132,1116.5,0.128
671,1,1681261312900.0,1115.65,0.132,1116.5,0.128
672,1,1681261313300.0,1115.65,0.132,1116.5,0.128
673,1,1681261313500.0,1115.65,0.132,1116.5,0.128
674,1,1681261313600.0,1115.65,0.132,1116.5,0.128
675,1,1681261313800.0,1115.65,0.132,1116.5,0.128
676,1,1681261314100.0,1115.65,0.132,1116.5,0.128
677,1,1681261314400.0,1115.65,0.132,1116.5,0.128
678,1,1681261314500.0,1115.65,0.132,1116.5,0.128
679,1,1681261314600.0,1115.65,0.132,1116.5,0.128
680,1,1681261314700.0,1115.65,0.132,1116.5,0.128
681,1,1681261314900.0,1115.65,0.132,1116.5,0.128
682,1,1681261315000.0,1115.65,0.132,1116.5,0.128
683,1,1681261315100.0,1115.65,0.132,1116.5,0.128
684,1,1681261315400.0,1114.88,0.0010000000000000009,1116.5,0.128
685,1,1681261315500.0,1114.88,0.0010000000000000009,1116.5,0.128
686,1,1681261315600.0,1114.88,0.0010000000000000009,1116.49,0.0052
687,1,1681261315700.0,1114.88,0.0010000000000000009,1116.49,0.0052
688,1,1681261315800.0,1114.88,0.0010000000000000009,1116.49,0.0052
689,1,1681261315900.0,1114.88,0.0010000000000000009,1116.49,0.0052
690,1,1681261316000.0,1114.88,0.0010000000000000009,1116.49,0.0052
691,1,1681261316100.0,1114.88,0.0010000000000000009,1116.49,0.0052
692,1,1681261316400.0,1114.88,0.0010000000000000009,1116.49,0.0052
693,1,1681261316600.0,1114.88,0.0010000000000000009,1116.49,0.0052
694,1,1681261316800.0,1114.88,0.0010000000000000009,1116.49,0.0052
695,1,1681261317000.0,1114.88,0.0010000000000000009,1116.49,0.0052
696,1,1681261317100.0,1114.88,0.0010000000000000009,1116.49,0.0052
697,1,1681261317200.0,1114.88,0.0010000000000000009,1116.49,0.0052
698,1,1681261317300.0,1114.88,0.0010000000000000009,1116.47,0.639
699,1,1681261317400.0,1114.88,0.0010000000000000009,1116.46,0.1614
700,1,1681261317500.0,1114.88,0.0010000000000000009,1116.46,0.1614
701,1,1681261317600.0,1114.88,0.0010000000000000009,1116.45,0.0052
702,1,1681261317700.0,1114.88,0.0010000000000000009,1116.44,0.7304
703,1,1681261317800.0,1114.88,0.0010000000000000009,1116.43,0.1614
704,1,1681261317900.0,1114.88,0.0010000000000000009,1116.42,0.0052
705,1,1681261318000.0,1114.88,0.0010000000000000009,1116.42,0.0052
706,1,1681261318100.0,1114.88,0.0010000000000000009,1116.4,0.569
707,1,1681261318200.0,1114.88,0.0010000000000000009,1116.39,0.1614
708,1,1681261318600.0,1114.88,0.0010000000000000009,1116.37,0.459
709,1,1681261318800.0,1114.88,0.0010000000000000009,1116.36,0.1614
710,1,1681261319000.0,1114.88,0.0010000000000000009,1116.35,0.0052
711,1,1681261319200.0,1114.88,0.0010000000000000009,1116.34,0.238
712,1,1681261319400.0,1114.88,0.0010000000000000009,1116.34,0.238
713,1,1681261319500.0,1114.88,0.0010000000000000009,1116.33,0.1614
714,1,1681261319600.0,1114.88,0.0010000000000000009,1116.32,0.0052
715,1,1681261319800.0,1114.88,0.0010000000000000009,1116.3,0.292
716,1,1681261319900.0,1114.88,0.0010000000000000009,1116.3,0.45339999999999997
717,1,1681261320000.0,1114.88,0.0010000000000000009,1116.29,0.0052
718,1,1681261320100.0,1114.88,0.0010000000000000009,1116.28,0.1614
719,1,1681261320200.0,1114.88,0.0010000000000000009,1116.28,0.1614
720,1,1681261320400.0,1114.88,0.0010000000000000009,1116.27,0.459
721,1,1681261320700.0,1114.88,0.0010000000000000009,1116.27,0.459
722,1,1681261320800.0,1114.88,0.0010000000000000009,1116.27,0.459
723,1,1681261321000.0,1114.88,0.0010000000000000009,1116.27,0.459
724,1,1681261321400.0,1114.88,0.0010000000000000009,1116.26,0.1666
725,1,1681261321600.0,1114.88,0.0010000000000000009,1116.25,0.1614
726,1,1681261321700.0,1114.88,0.0010000000000000009,1116.24,0.0052
727,1,1681261321800.0,1114.88,0.0010000000000000009,1116.23,0.7293999999999999
728,1,1681261322000.0,1114.88,0.0010000000000000009,1116.22,0.1614
729,1,1681261322100.0,1114.88,0.0010000000000000009,1116.21,0.0052
730,1,1681261322500.0,1114.88,0.0010000000000000009,1116.2,0.1614
731,1,1681261322600.0,1114.88,0.0010000000000000009,1116.2,0.1614
732,1,1681261322700.0,1114.88,0.0010000000000000009,1116.2,0.1614
733,1,1681261322800.0,1114.88,0.0010000000000000009,1116.19,0.0052
734,1,1681261322900.0,1114.88,0.0010000000000000009,1116.17,0.458
735,1,1681261323100.0,1114.88,0.0010000000000000009,1116.16,0.1614
736,1,1681261323200.0,1114.88,0.0010000000000000009,1116.15,0.0052
737,1,1681261323300.0,1114.88,0.0010000000000000009,1116.14,0.1614
738,1,1681261323800.0,1114.88,0.0010000000000000009,1116.14,0.1614
739,1,1681261324000.0,1114.88,0.0010000000000000009,1116.12,0.458
740,1,1681261324100.0,1114.88,0.0010000000000000009,1116.12,0.6194
741,1,1681261324200.0,1114.88,0.0010000000000000009,1116.11,0.0052
742,1,1681261324600.0,1114.88,0.0010000000000000009,1116.11,0.0052
743,1,1681261324800.0,1114.88,0.0010000000000000009,1116.11,0.0052
744,1,1681261324900.0,1114.88,0.0010000000000000009,1116.11,0.0052
745,1,1681261325300.0,1114.88,0.0010000000000000009,1116.11,0.0052
746,1,1681261325400.0,1114.88,0.0010000000000000009,1116.11,0.0052
747,1,1681261325600.0,1114.88,0.0010000000000000009,1116.11,0.0052
748,1,1681261325700.0,1114.88,0.0010000000000000009,1116.11,0.0052
749,1,1681261325800.0,1114.88,0.0010000000000000009,1116.11,0.0052
750,1,1681261325900.0,1114.88,0.0010000000000000009,1116.11,0.0052
751,1,1681261326000.0,1114.88,0.0010000000000000009,1116.11,0.0052
752,1,1681261326100.0,1114.88,0.0010000000000000009,1116.11,0.0052
753,1,1681261326300.0,1114.88,0.0010000000000000009,1116.11,0.0052
754,1,1681261326500.0,1114.88,0.0010000000000000009,1116.11,0.0052
755,1,1681261326600.0,1114.88,0.0010000000000000009,1116.11,0.0052
756,1,1681261326800.0,1114.88,0.0010000000000000009,1116.11,0.0052
757,1,1681261326900.0,1114.88,0.0010000000000000009,1116.11,0.0052
758,1,1681261327000.0,1114.88,0.0010000000000000009,1116.11,0.0052
759,1,1681261327200.0,1114.88,0.0010000000000000009,1116.11,0.0052
760,1,1681261327300.0,1114.88,0.0010000000000000009,1116.11,0.0052
761,1,1681261327400.0,1114.88,0.0010000000000000009,1116.11,0.0052
762,1,1681261327500.0,1114.88,0.0010000000000000009,1116.11,0.0052
763,1,1681261327600.0,1114.88,0.0010000000000000009,1116.11,0.0052
764,1,1681261327800.0,1114.88,0.0010000000000000009,1116.11,0.0052
765,1,1681261327900.0,1114.88,0.0010000000000000009,1116.11,0.0052
766,1,1681261328000.0,1114.88,0.0010000000000000009,1116.11,0.0052
767,1,1681261328100.0,1114.88,0.0010000000000000009,1116.11,0.0052
768,1,1681261328200.0,1114.88,0.0010000000000000009,1116.1,0.239
769,1,1681261328400.0,1114.88,0.0010000000000000009,1116.1,0.239
770,1,1681261328500.0,1114.88,0.0010000000000000009,1116.1,0.239
771,1,1681261328600.0,1114.88,0.0010000000000000009,1116.1,0.239
772,1,1681261329400.0,1114.88,0.0010000000000000009,1116.1,0.239
773,1,1681261329500.0,1114.88,0.0010000000000000009,1116.1,0.239
774,1,1681261329600.0,1114.88,0.0010000000000000009,1116.1,0.239
775,1,1681261329700.0,1114.88,0.0010000000000000009,1116.1,0.239
776,1,1681261329800.0,1114.88,0.0010000000000000009,1116.1,0.239
777,1,1681261329900.0,1114.88,0.0010000000000000009,1116.1,0.239
778,1,1681261330000.0,1114.88,0.0010000000000000009,1116.09,0.0052
779,1,1681261330100.0,1114.88,0.0010000000000000009,1116.09,0.0052
780,1,1681261330200.0,1114.88,0.0010000000000000009,1116.09,0.0052
781,1,1681261330300.0,1114.88,0.0010000000000000009,1116.09,0.0052
782,1,1681261330400.0,1114.88,0.0010000000000000009,1116.09,0.0052
783,1,1681261330500.0,1114.88,0.0010000000000000009,1116.09,0.0052
784,1,1681261330700.0,1114.88,0.0010000000000000009,1116.09,0.0052
785,1,1681261330800.0,1114.88,0.0010000000000000009,1116.09,0.0052
786,1,1681261330900.0,1114.88,0.0010000000000000009,1116.09,0.0052
787,1,1681261331000.0,1114.88,0.0010000000000000009,1116.09,0.0052
788,1,1681261331200.0,1114.88,0.0010000000000000009,1116.09,0.0052
789,1,1681261331400.0,1114.88,0.0010000000000000009,1116.09,0.0052
790,1,1681261331700.0,1114.88,0.0010000000000000009,1116.09,0.0052
791,1,1681261331800.0,1114.88,0.0010000000000000009,1116.09,0.0052
792,1,1681261331900.0,1114.88,0.0010000000000000009,1116.09,0.0052
793,1,1681261332000.0,1114.88,0.0010000000000000009,1116.09,0.0052
794,1,1681261332500.0,1114.88,0.0010000000000000009,1116.09,0.0052
795,1,1681261332600.0,1114.88,0.0010000000000000009,1116.09,0.0052
796,1,1681261332700.0,1114.88,0.0010000000000000009,1116.09,0.0052
797,1,1681261332900.0,1114.88,0.0010000000000000009,1116.09,0.0052
798,1,1681261333100.0,1114.88,0.0010000000000000009,1116.09,0.0052
799,1,1681261333300.0,1114.88,0.0010000000000000009,1116.09,0.0052
800,1,1681261333600.0,1114.88,0.0010000000000000009,1116.09,0.0052
801,1,1681261333800.0,1114.88,0.0010000000000000009,1116.09,0.0052
802,1,1681261333900.0,1114.88,0.0010000000000000009,1116.09,0.0052
803,1,1681261334000.0,1114.88,0.0010000000000000009,1116.09,0.0052
804,1,1681261334100.0,1114.88,0.0010000000000000009,1116.09,0.0052
805,1,1681261334300.0,1114.88,0.0010000000000000009,1116.09,0.0052
806,1,1681261334400.0,1114.88,0.0010000000000000009,1116.09,0.0052
807,1,1681261335000.0,1114.88,0.0010000000000000009,1116.09,0.0052
808,1,1681261335100.0,1114.88,0.0010000000000000009,1116.09,0.0052
809,1,1681261335400.0,1114.88,0.0010000000000000009,1116.09,0.0052
810,1,1681261335600.0,1114.88,0.0010000000000000009,1116.09,0.0052
811,1,1681261335700.0,1114.88,0.0010000000000000009,1116.09,0.0052
812,1,1681261335800.0,1114.88,0.0010000000000000009,1116.09,0.0052
813,1,1681261336600.0,1114.88,0.0010000000000000009,1116.09,0.0052
814,1,1681261336700.0,1114.88,0.0010000000000000009,1116.08,0.275
815,1,1681261337200.0,1114.88,0.0010000000000000009,1116.08,0.275
816,1,1681261337400.0,1114.88,0.0010000000000000009,1116.07,0.0052
817,1,1681261337600.0,1114.88,0.0010000000000000009,1116.07,0.0052
818,1,1681261338000.0,1114.88,0.0010000000000000009,1116.07,0.0052
819,1,1681261338100.0,1114.88,0.0010000000000000009,1116.07,0.0052
820,1,1681261338500.0,1114.88,0.0010000000000000009,1116.07,0.0052
821,1,1681261338600.0,1114.88,0.0010000000000000009,1116.07,0.0052
822,1,1681261338800.0,1114.88,0.0010000000000000009,1116.07,0.0052
823,1,1681261338900.0,1114.88,0.0010000000000000009,1116.07,0.0052
824,1,1681261339100.0,1114.88,0.0010000000000000009,1116.07,0.0052
825,1,1681261339300.0,1114.88,0.0010000000000000009,1116.07,0.0052
826,1,1681261339500.0,1114.88,0.0010000000000000009,1116.07,0.0052
827,1,1681261339700.0,1114.88,0.0010000000000000009,1116.07,0.0052
828,1,1681261340000.0,1114.88,0.0010000000000000009,1116.07,0.0052
829,1,1681261340100.0,1114.88,0.0010000000000000009,1116.07,0.0052
830,1,1681261340200.0,1114.88,0.0010000000000000009,1116.07,0.0052
831,1,1681261340500.0,1114.88,0.0010000000000000009,1116.07,0.0052
832,1,1681261340600.0,1114.88,0.0010000000000000009,1116.22,0.127
833,1,1681261340800.0,1114.88,0.0010000000000000009,1116.21,0.0052
834,1,1681261341000.0,1114.88,0.0010000000000000009,1116.21,0.0052
835,1,1681261341600.0,1114.88,0.0010000000000000009,1116.2,0.126
836,1,1681261341700.0,1114.88,0.0010000000000000009,1116.2,0.126
837,1,1681261341900.0,1114.88,0.0010000000000000009,1116.19,0.0052
838,1,1681261342000.0,1114.88,0.0010000000000000009,1116.19,0.0052
839,1,1681261342200.0,1114.88,0.0010000000000000009,1116.19,0.0052
840,1,1681261342500.0,1114.88,0.0010000000000000009,1116.19,0.0052
841,1,1681261342600.0,1114.88,0.0010000000000000009,1116.19,0.0052
842,1,1681261342800.0,1114.88,0.0010000000000000009,1116.19,0.0052
843,1,1681261342900.0,1114.88,0.0010000000000000009,1116.19,0.0052
844,1,1681261343100.0,1114.88,0.0010000000000000009,1116.19,0.0052
845,1,1681261343200.0,1114.88,0.0010000000000000009,1116.19,0.0052
846,1,1681261343300.0,1114.88,0.0010000000000000009,1116.19,0.0052
847,1,1681261344400.0,1114.88,0.0010000000000000009,1116.19,0.0052
848,1,1681261344700.0,1114.88,0.0010000000000000009,1116.19,0.0052
849,1,1681261344800.0,1114.88,0.0010000000000000009,1116.19,0.0052
850,1,1681261344900.0,1114.88,0.0010000000000000009,1116.19,0.0052
851,1,1681261345500.0,1114.88,0.0010000000000000009,1116.19,0.0052
852,1,1681261345700.0,1114.88,0.0010000000000000009,1116.19,0.0052
853,1,1681261346200.0,1114.88,0.0010000000000000009,1116.19,0.0052
854,1,1681261346400.0,1114.88,0.0010000000000000009,1116.19,0.0052
855,1,1681261346600.0,1114.88,0.0010000000000000009,1116.19,0.0052
856,1,1681261346800.0,1114.88,0.0010000000000000009,1116.19,0.0052
857,1,1681261346900.0,1114.88,0.0010000000000000009,1116.19,0.0052
858,1,1681261347000.0,1114.88,0.0010000000000000009,1116.19,0.0052
859,1,1681261347100.0,1114.88,0.0010000000000000009,1116.19,0.0052
860,1,1681261347300.0,1114.88,0.0010000000000000009,1116.19,0.0052
861,1,1681261347500.0,1114.88,0.0010000000000000009,1116.19,0.0052
862,1,1681261347800.0,1114.88,0.0010000000000000009,1116.19,0.0052
863,1,1681261348000.0,1114.88,0.0010000000000000009,1116.19,0.0052
864,1,1681261348100.0,1114.88,0.0010000000000000009,1116.19,0.0052
865,1,1681261348200.0,1114.88,0.0010000000000000009,1116.19,0.0052
866,1,1681261348300.0,1114.88,0.0010000000000000009,1116.19,0.0052
867,1,1681261348700.0,1114.88,0.0010000000000000009,1116.19,0.0052
868,1,1681261348800.0,1114.88,0.0010000000000000009,1116.19,0.0052
869,1,1681261348900.0,1114.88,0.0010000000000000009,1116.19,0.0052
870,1,1681261349500.0,1114.88,0.0010000000000000009,1116.19,0.0052
871,1,1681261349700.0,1114.88,0.0010000000000000009,1116.19,0.0052
872,1,1681261349800.0,1114.88,0.0010000000000000009,1116.19,0.0052
873,1,1681261350000.0,1114.88,0.0010000000000000009,1116.19,0.0052
874,1,1681261350400.0,1114.88,0.0010000000000000009,1116.19,0.0052
875,1,1681261350600.0,1114.88,0.0010000000000000009,1116.19,0.0052
876,1,1681261350700.0,1114.88,0.0010000000000000009,1116.19,0.0052
877,1,1681261350900.0,1114.88,0.0010000000000000009,1116.19,0.0052
878,1,1681261351000.0,1114.88,0.0010000000000000009,1116.19,0.0052
879,1,1681261351300.0,1114.88,0.0010000000000000009,1116.19,0.0052
880,1,1681261351400.0,1114.88,0.0010000000000000009,1116.19,0.0052
881,1,1681261351500.0,1114.88,0.0010000000000000009,1116.19,0.0052
882,1,1681261351600.0,1114.88,0.0010000000000000009,1116.19,0.1666
883,1,1681261351800.0,1114.88,0.0010000000000000009,1116.19,0.1614
884,1,1681261352600.0,1114.88,0.0010000000000000009,1116.18,0.0052
885,1,1681261352700.0,1114.88,0.0010000000000000009,1116.18,0.0052
886,1,1681261352800.0,1114.88,0.0010000000000000009,1116.18,0.0052
887,1,1681261352900.0,1114.88,0.0010000000000000009,1116.17,0.512
888,1,1681261353000.0,1114.88,0.0010000000000000009,1116.16,0.0052
889,1,1681261353100.0,1114.88,0.0010000000000000009,1116.16,0.0052
890,1,1681261353200.0,1114.88,0.0010000000000000009,1116.16,0.0052
891,1,1681261353400.0,1114.88,0.0010000000000000009,1116.16,0.0052
892,1,1681261353500.0,1114.88,0.0010000000000000009,1116.16,0.1666
893,1,1681261353700.0,1114.88,0.0010000000000000009,1116.16,0.1614
894,1,1681261353800.0,1114.88,0.0010000000000000009,1116.15,0.0052
895,1,1681261354000.0,1114.88,0.0010000000000000009,1116.15,0.0052
896,1,1681261354100.0,1114.88,0.0010000000000000009,1116.15,0.0052
897,1,1681261354500.0,1114.88,0.0010000000000000009,1116.15,0.0052
898,1,1681261354600.0,1114.88,0.0010000000000000009,1116.15,0.0052
899,1,1681261354800.0,1114.88,0.0010000000000000009,1116.14,0.456
900,1,1681261354900.0,1114.88,0.0010000000000000009,1116.14,0.456
901,1,1681261355100.0,1114.88,0.0010000000000000009,1116.13,0.1614
902,1,1681261355200.0,1114.88,0.0010000000000000009,1116.12,0.0052
903,1,1681261355400.0,1114.88,0.0010000000000000009,1116.11,0.7274
904,1,1681261355500.0,1114.88,0.0010000000000000009,1116.1,0.1614
905,1,1681261355600.0,1114.88,0.0010000000000000009,1116.1,0.1614
906,1,1681261356000.0,1114.88,0.0010000000000000009,1116.09,0.0052
907,1,1681261356100.0,1114.88,0.0010000000000000009,1116.09,0.1666
908,1,1681261356200.0,1114.88,0.0010000000000000009,1116.09,0.1666
909,1,1681261356400.0,1114.88,0.0010000000000000009,1116.08,0.33
910,1,1681261356700.0,1114.88,0.0010000000000000009,1116.08,0.4914
911,1,1681261356800.0,1114.88,0.0010000000000000009,1116.07,0.0052
912,1,1681261356900.0,1114.88,0.0010000000000000009,1116.07,0.0052
913,1,1681261357000.0,1114.88,0.0010000000000000009,1116.06,0.1614
914,1,1681261357100.0,1114.88,0.0010000000000000009,1116.05,0.44
915,1,1681261357500.0,1114.88,0.0010000000000000009,1116.05,0.44
916,1,1681261357600.0,1114.88,0.0010000000000000009,1116.04,0.0052
917,1,1681261357800.0,1114.88,0.0010000000000000009,1116.04,0.0052
918,1,1681261357900.0,1114.88,0.0010000000000000009,1116.04,0.0052
919,1,1681261358100.0,1114.88,0.0010000000000000009,1116.03,0.1614
920,1,1681261358200.0,1114.88,0.0010000000000000009,1116.02,0.66
921,1,1681261358400.0,1114.88,0.0010000000000000009,1116.01,0.1614
922,1,1681261358500.0,1114.88,0.0010000000000000009,1116.01,0.1614
923,1,1681261358600.0,1114.88,0.0010000000000000009,1116.01,0.1614
924,1,1681261358800.0,1114.88,0.0010000000000000009,1116.01,0.1614
925,1,1681261359000.0,1114.88,0.0010000000000000009,1116.0,0.0052
926,1,1681261359100.0,1114.88,0.0010000000000000009,1116.0,0.0052
927,1,1681261359400.0,1114.88,0.0010000000000000009,1115.99,0.659
928,1,1681261359700.0,1114.88,0.0010000000000000009,1115.99,0.659
929,1,1681261359800.0,1114.88,0.0010000000000000009,1115.99,0.659
930,1,1681261359900.0,1114.88,0.0010000000000000009,1115.99,0.659
931,1,1681261360200.0,1114.88,0.0010000000000000009,1115.99,0.659
932,1,1681261360500.0,1114.88,0.0010000000000000009,1115.98,0.0052
933,1,1681261360900.0,1114.88,0.0010000000000000009,1115.98,0.0052
934,1,1681261361000.0,1114.88,0.0010000000000000009,1115.98,0.0052
935,1,1681261361100.0,1114.88,0.0010000000000000009,1115.98,0.1666
936,1,1681261361200.0,1114.88,0.0010000000000000009,1115.98,0.1666
937,1,1681261361300.0,1114.88,0.0010000000000000009,1115.98,0.1666
938,1,1681261361400.0,1114.88,0.0010000000000000009,1115.98,0.1614
939,1,1681261361500.0,1114.88,0.0010000000000000009,1115.97,0.0052
940,1,1681261361700.0,1114.88,0.0010000000000000009,1115.97,0.0052
941,1,1681261361900.0,1114.88,0.0010000000000000009,1115.97,0.0052
942,1,1681261362000.0,1114.88,0.0010000000000000009,1115.97,0.0052
943,1,1681261362100.0,1114.88,0.0010000000000000009,1115.97,0.0052
944,1,1681261362200.0,1114.88,0.0010000000000000009,1115.97,0.0052
945,1,1681261362700.0,1114.88,0.0010000000000000009,1115.97,0.0052
946,1,1681261362800.0,1114.88,0.0010000000000000009,1115.97,0.0052
947,1,1681261362900.0,1114.88,0.0010000000000000009,1115.97,0.0052
948,1,1681261363000.0,1114.88,0.0010000000000000009,1115.97,0.0052
949,1,1681261363100.0,1114.88,0.0010000000000000009,1115.97,0.0052
950,1,1681261363400.0,1114.88,0.0010000000000000009,1115.97,0.0052
951,1,1681261363700.0,1114.88,0.0010000000000000009,1115.97,0.0052
952,1,1681261363800.0,1114.88,0.0010000000000000009,1115.97,0.0052
953,1,1681261364000.0,1114.88,0.0010000000000000009,1115.97,0.1666
954,1,1681261364100.0,1114.88,0.0010000000000000009,1115.97,0.1666
955,1,1681261364300.0,1114.88,0.0010000000000000009,1115.97,0.1614
956,1,1681261364400.0,1114.88,0.0010000000000000009,1115.96,0.549
957,1,1681261364500.0,1114.88,0.0010000000000000009,1115.95,0.0052
958,1,1681261364600.0,1114.88,0.0010000000000000009,1115.95,0.1666
959,1,1681261364700.0,1114.88,0.0010000000000000009,1115.94,0.1614
960,1,1681261364800.0,1114.88,0.0010000000000000009,1115.93,0.567
961,1,1681261364900.0,1114.88,0.0010000000000000009,1115.93,0.5721999999999999
962,1,1681261365000.0,1114.88,0.0010000000000000009,1115.93,0.5721999999999999
963,1,1681261365100.0,1114.88,0.0010000000000000009,1115.92,0.2018
964,1,1681261365200.0,1114.88,0.0010000000000000009,1115.92,0.2018
965,1,1681261365500.0,1114.88,0.0010000000000000009,1115.91,0.1666
966,1,1681261365600.0,1114.88,0.0010000000000000009,1115.89,0.676
967,1,1681261365900.0,1114.88,0.0010000000000000009,1115.88,0.207
968,1,1681261366000.0,1114.88,0.0010000000000000009,1115.87,0.1614
969,1,1681261366200.0,1114.88,0.0010000000000000009,1115.85,0.676
970,1,1681261366300.0,1114.88,0.0010000000000000009,1115.85,0.676
971,1,1681261366400.0,1114.88,0.0010000000000000009,1115.84,0.20179999999999998
972,1,1681261366500.0,1114.88,0.0010000000000000009,1115.83,0.1666
973,1,1681261366700.0,1114.88,0.0010000000000000009,1115.83,0.1666
974,1,1681261367000.0,1114.88,0.0010000000000000009,1115.82,0.2018
975,1,1681261367400.0,1114.88,0.0010000000000000009,1115.82,0.2018
976,1,1681261367700.0,1114.88,0.0010000000000000009,1115.8,0.676
977,1,1681261367800.0,1114.88,0.0010000000000000009,1115.8,0.676
978,1,1681261367900.0,1114.88,0.0010000000000000009,1115.8,0.676
979,1,1681261368000.0,1114.88,0.0010000000000000009,1115.8,0.676
980,1,1681261368100.0,1114.88,0.0010000000000000009,1115.79,0.207
981,1,1681261368200.0,1114.88,0.0010000000000000009,1115.79,0.207
982,1,1681261368300.0,1114.88,0.0010000000000000009,1115.78,0.1614
983,1,1681261368600.0,1114.88,0.0010000000000000009,1115.77,0.5526
984,1,1681261368800.0,1114.88,0.0010000000000000009,1115.76,0.1614
985,1,1681261369100.0,1114.88,0.0010000000000000009,1115.75,0.0456
986,1,1681261369200.0,1114.88,0.0010000000000000009,1115.74,0.676
987,1,1681261369400.0,1114.88,0.0010000000000000009,1115.73,0.2018
988,1,1681261369500.0,1114.88,0.0010000000000000009,1115.73,0.2018
989,1,1681261369700.0,1114.88,0.0010000000000000009,1115.72,0.1666
990,1,1681261369800.0,1114.88,0.0010000000000000009,1115.7,0.677
991,1,1681261369900.0,1114.88,0.0010000000000000009,1115.69,0.207
992,1,1681261370000.0,1114.88,0.0010000000000000009,1115.69,0.207
993,1,1681261370100.0,1114.88,0.0010000000000000009,1115.68,0.1614
994,1,1681261370300.0,1114.88,0.0010000000000000009,1115.68,0.1614
995,1,1681261370400.0,1114.88,0.0010000000000000009,1115.66,0.677
996,1,1681261370500.0,1114.88,0.0010000000000000009,1115.66,0.677
997,1,1681261370600.0,1114.88,0.0010000000000000009,1115.65,0.2018
998,1,1681261370700.0,1114.88,0.0010000000000000009,1115.64,0.1666
999,1,1681261370900.0,1114.88,0.0010000000000000009,1115.62,0.677
1000,1,1681261371000.0,1114.88,0.0010000000000000009,1115.62,0.677
1001,1,1681261371100.0,1114.88,0.0010000000000000009,1115.61,0.207
1002,1,1681261371200.0,1114.88,0.0010000000000000009,1115.61,0.207
1003,1,1681261371300.0,1114.88,0.0010000000000000009,1115.6,0.1614
1004,1,1681261371400.0,1114.88,0.0010000000000000009,1115.59,0.0456
1005,1,1681261371500.0,1114.88,0.0010000000000000009,1115.58,0.677
1006,1,1681261371800.0,1114.88,0.0010000000000000009,1115.57,0.20179999999999998
1007,1,1681261371900.0,1114.88,0.0010000000000000009,1115.56,0.1666
1008,1,1681261372000.0,1114.88,0.0010000000000000009,1115.55,0.2018
1009,1,1681261372500.0,1114.88,0.0010000000000000009,1115.53,0.567
1010,1,1681261372600.0,1114.88,0.0010000000000000009,1115.52,0.2018
1011,1,1681261372800.0,1114.88,0.0010000000000000009,1115.52,0.2018
1012,1,1681261372900.0,1114.88,0.0010000000000000009,1115.51,0.1666
1013,1,1681261373000.0,1114.88,0.0010000000000000009,1115.51,0.1666
1014,1,1681261373100.0,1114.88,0.0010000000000000009,1115.49,0.622
1015,1,1681261373500.0,1114.88,0.0010000000000000009,1115.48,0.207
1016,1,1681261373700.0,1114.88,0.0010000000000000009,1115.47,0.1614
1017,1,1681261373900.0,1114.88,0.0010000000000000009,1115.46,0.0052
1018,1,1681261374000.0,1114.88,0.0010000000000000009,1115.46,0.0052
1019,1,1681261374100.0,1114.88,0.0010000000000000009,1115.45,0.1614
1020,1,1681261375100.0,1114.88,0.0010000000000000009,1116.15,0.676
1021,1,1681261375300.0,1114.88,0.0010000000000000009,1116.15,0.676
1022,1,1681261375500.0,1114.88,0.0010000000000000009,1116.15,0.676
1023,1,1681261375600.0,1114.88,0.0010000000000000009,1116.15,0.676
1024,1,1681261375700.0,1114.88,0.0010000000000000009,1116.15,0.676
1025,1,1681261375800.0,1114.88,0.0010000000000000009,1116.15,0.676
1026,1,1681261376100.0,1114.88,0.0010000000000000009,1116.14,0.2763
1027,1,1681261376200.0,1114.88,0.0010000000000000009,1116.14,0.2763
1028,1,1681261376400.0,1114.88,0.0010000000000000009,1116.13,0.2711
1029,1,1681261376500.0,1114.88,0.0010000000000000009,1116.13,0.2711
1030,1,1681261376600.0,1114.88,0.0010000000000000009,1116.12,0.2711
1031,1,1681261376700.0,1114.88,0.0010000000000000009,1116.11,0.676
1032,1,1681261376800.0,1114.88,0.0010000000000000009,1116.1,0.2711
1033,1,1681261377000.0,1114.88,0.0010000000000000009,1116.1,0.2711
1034,1,1681261377100.0,1114.88,0.0010000000000000009,1116.09,0.3167
1035,1,1681261377200.0,1114.88,0.0010000000000000009,1116.09,0.3167
1036,1,1681261377300.0,1114.88,0.0010000000000000009,1116.08,0.676
1037,1,1681261377600.0,1114.88,0.0010000000000000009,1116.07,0.3115
1038,1,1681261377700.0,1114.88,0.0010000000000000009,1116.06,0.2763
1039,1,1681261378000.0,1114.88,0.0010000000000000009,1116.05,0.3115
1040,1,1681261378500.0,1114.88,0.0010000000000000009,1116.03,0.676
1041,1,1681261378600.0,1114.88,0.0010000000000000009,1116.02,0.3115
1042,1,1681261378800.0,1114.88,0.0010000000000000009,1116.01,0.2763
1043,1,1681261378900.0,1114.88,0.0010000000000000009,1115.99,0.676
1044,1,1681261379000.0,1114.88,0.0010000000000000009,1115.99,0.676
1045,1,1681261379100.0,1114.88,0.0010000000000000009,1115.98,0.3167
1046,1,1681261379200.0,1114.88,0.0010000000000000009,1115.97,0.2711
1047,1,1681261379400.0,1114.88,0.0010000000000000009,1115.95,0.676
1048,1,1681261379600.0,1114.88,0.0010000000000000009,1115.95,0.676
1049,1,1681261379700.0,1114.88,0.0010000000000000009,1115.95,0.676
1050,1,1681261379800.0,1114.88,0.0010000000000000009,1115.94,0.3115
1051,1,1681261379900.0,1114.88,0.0010000000000000009,1115.94,0.3115
1052,1,1681261380000.0,1114.88,0.0010000000000000009,1115.93,0.1666
1053,1,1681261380100.0,1114.88,0.0010000000000000009,1115.93,0.1666
1054,1,1681261380200.0,1114.88,0.0010000000000000009,1115.92,0.2018
1055,1,1681261380300.0,1114.88,0.0010000000000000009,1115.92,0.2018
1056,1,1681261380600.0,1114.88,0.0010000000000000009,1115.9,0.676
1057,1,1681261380800.0,1114.88,0.0010000000000000009,1115.89,0.20179999999999998
1058,1,1681261380900.0,1114.88,0.0010000000000000009,1115.88,0.1666
1059,1,1681261381000.0,1114.88,0.0010000000000000009,1115.87,0.8374
1060,1,1681261381100.0,1114.88,0.0010000000000000009,1115.87,0.9875
1061,1,1681261381200.0,1114.88,0.0010000000000000009,1115.86,0.2763
1062,1,1681261381300.0,1114.88,0.0010000000000000009,1115.86,0.2763
1063,1,1681261381500.0,1114.88,0.0010000000000000009,1115.86,0.2763
1064,1,1681261381600.0,1114.88,0.0010000000000000009,1115.86,0.2763
1065,1,1681261381700.0,1114.88,0.0010000000000000009,1115.86,0.2763
1066,1,1681261382200.0,1114.88,0.0010000000000000009,1115.85,0.3115
1067,1,1681261382500.0,1114.88,0.0010000000000000009,1115.85,0.3115
1068,1,1681261382600.0,1114.88,0.0010000000000000009,1115.85,0.1501
1069,1,1681261383200.0,1114.88,0.0010000000000000009,1115.83,0.676
1070,1,1681261383300.0,1114.88,0.0010000000000000009,1115.82,0.1501
1071,1,1681261383400.0,1114.88,0.0010000000000000009,1115.82,0.1501
1072,1,1681261383500.0,1114.88,0.0010000000000000009,1115.81,0.1149
1073,1,1681261383600.0,1114.88,0.0010000000000000009,1115.81,0.1149
1074,1,1681261383700.0,1114.88,0.0010000000000000009,1115.81,0.1149
1075,1,1681261383800.0,1114.88,0.0010000000000000009,1115.81,0.1149
1076,1,1681261384000.0,1114.88,0.0010000000000000009,1115.79,0.676
1077,1,1681261384100.0,1114.88,0.0010000000000000009,1115.78,0.1097
1078,1,1681261384300.0,1114.27,0.001,1115.78,0.1097
1079,1,1681261384400.0,1114.27,0.001,1115.78,0.1097
1080,1,1681261384500.0,1114.27,0.001,1115.77,0.047299999999999995
1081,1,1681261384600.0,1114.27,0.001,1115.77,0.047299999999999995
1082,1,1681261384700.0,1114.27,0.001,1115.75,0.1518
1083,1,1681261384800.0,1114.27,0.001,1115.75,0.1518
1084,1,1681261384900.0,1114.27,0.001,1115.74,0.1149
1085,1,1681261385000.0,1114.27,0.001,1115.74,0.1149
1086,1,1681261385100.0,1114.27,0.001,1115.73,0.8288
1087,1,1681261385200.0,1114.27,0.001,1115.73,0.8288
1088,1,1681261385300.0,1114.27,0.001,1115.72,0.1124
1089,1,1681261385400.0,1114.27,0.001,1115.72,0.1124
1090,1,1681261385500.0,1114.27,0.001,1115.72,0.1124
1091,1,1681261385600.0,1114.27,0.001,1115.72,0.1124
1092,1,1681261385700.0,1114.27,0.001,1115.71,0.1518
1093,1,1681261385800.0,1114.27,0.001,1115.7,0.0027
1094,1,1681261385900.0,1114.27,0.001,1115.69,0.676
1095,1,1681261386000.0,1114.27,0.001,1115.69,0.676
1096,1,1681261386100.0,1114.27,0.001,1115.68,0.0448
1097,1,1681261386600.0,1114.27,0.001,1115.68,0.05
1098,1,1681261386800.0,1114.27,0.001,1115.68,0.05
1099,1,1681261386900.0,1114.27,0.001,1115.68,0.05
1100,1,1681261387100.0,1114.27,0.001,1115.68,0.05
1101,1,1681261387300.0,1114.27,0.001,1115.68,0.05
1102,1,1681261387400.0,1114.27,0.001,1115.67,0.1097
1103,1,1681261387600.0,1114.27,0.001,1115.65,0.676
1104,1,1681261387700.0,1114.27,0.001,1115.65,0.676
1105,1,1681261387800.0,1114.27,0.001,1115.64,0.1597
1106,1,1681261387900.0,1114.27,0.001,1115.64,0.1597
1107,1,1681261388000.0,1114.27,0.001,1115.63,0.1097
1108,1,1681261388100.0,1114.27,0.001,1115.62,0.05
1109,1,1681261388200.0,1114.27,0.001,1115.62,0.05
1110,1,1681261388500.0,1114.27,0.001,1115.6,0.676
1111,1,1681261388800.0,1114.27,0.001,1115.59,0.1545
1112,1,1681261389000.0,1114.27,0.001,1115.58,0.0052
1113,1,1681261389100.0,1114.27,0.001,1115.57,0.676
1114,1,1681261389200.0,1114.27,0.001,1115.57,0.676
1115,1,1681261389300.0,1114.27,0.001,1115.56,0.0448
1116,1,1681261389400.0,1114.27,0.001,1115.56,0.0448
1117,1,1681261390100.0,1114.27,0.001,1115.56,0.0448
1118,1,1681261390200.0,1114.27,0.001,1115.56,0.0448
1119,1,1681261390800.0,1114.27,0.001,1115.56,0.0448
1120,1,1681261390900.0,1114.27,0.001,1115.56,0.05
1121,1,1681261391100.0,1114.27,0.001,1115.54,0.677
1122,1,1681261391400.0,1114.27,0.001,1115.54,0.677
1123,1,1681261391500.0,1114.27,0.001,1115.54,0.677
1124,1,1681261391600.0,1114.27,0.001,1115.54,0.677
1125,1,1681261391700.0,1114.27,0.001,1115.53,0.1428
1126,1,1681261391800.0,1114.27,0.001,1115.53,0.18760000000000002
1127,1,1681261391900.0,1114.27,0.001,1115.52,0.148
1128,1,1681261392000.0,1114.27,0.001,1115.51,0.677
1129,1,1681261392300.0,1114.27,0.001,1115.51,0.677
1130,1,1681261392400.0,1114.27,0.001,1115.5,0.18760000000000002
1131,1,1681261392600.0,1114.27,0.001,1115.49,0.148
1132,1,1681261392700.0,1114.27,0.001,1115.47,0.677
1133,1,1681261392800.0,1114.27,0.001,1115.47,0.677
1134,1,1681261393000.0,1114.27,0.001,1115.46,0.1928
1135,1,1681261393100.0,1114.27,0.001,1115.45,0.1428
1136,1,1681261393200.0,1114.27,0.001,1115.44,0.677
1137,1,1681261393300.0,1114.27,0.001,1115.44,0.7270000000000001
1138,1,1681261393700.0,1114.27,0.001,1115.44,0.7270000000000001
1139,1,1681261393800.0,1114.27,0.001,1115.43,0.1428
1140,1,1681261393900.0,1114.27,0.001,1115.43,0.1428
1141,1,1681261394000.0,1114.27,0.001,1115.42,0.05
1142,1,1681261394500.0,1114.27,0.001,1115.41,0.1428
1143,1,1681261394600.0,1114.27,0.001,1115.41,0.1428
1144,1,1681261394700.0,1114.27,0.001,1115.4,0.0448
1145,1,1681261394800.0,1114.27,0.001,1115.39,0.8198
1146,1,1681261394900.0,1114.27,0.001,1115.39,0.8198
1147,1,1681261395000.0,1114.27,0.001,1115.38,0.19280000000000003
1148,1,1681261395600.0,1114.27,0.001,1115.36,0.05
1149,1,1681261395700.0,1114.27,0.001,1115.36,0.05
1150,1,1681261395800.0,1114.27,0.001,1115.35,0.1418
1151,1,1681261395900.0,1114.27,0.001,1115.34,0.677
1152,1,1681261396000.0,1114.27,0.001,1115.33,0.1875
1153,1,1681261396100.0,1114.27,0.001,1115.32,0.1479
1154,1,1681261396600.0,1114.27,0.001,1115.31,0.677
1155,1,1681261397800.0,1114.27,0.001,1115.31,0.677
1156,1,1681261397900.0,1114.27,0.001,1115.3,0.1875
1157,1,1681261398000.0,1114.27,0.001,1115.3,0.1875
1158,1,1681261398100.0,1114.27,0.001,1115.29,0.1479
1159,1,1681261398300.0,1114.27,0.001,1115.29,0.1479
1160,1,1681261398400.0,1114.27,0.001,1115.27,0.513
1161,1,1681261398600.0,1114.27,0.001,1115.26,0.1427
1162,1,1681261398700.0,1114.27,0.001,1115.25,0.05
1163,1,1681261398800.0,1114.27,0.001,1115.24,0.1427
1164,1,1681261398900.0,1114.27,0.001,1115.23,0.0448
1165,1,1681261399000.0,1114.27,0.001,1115.21,0.513
1166,1,1681261399400.0,1114.27,0.001,1115.2,0.1875
1167,1,1681261399600.0,1114.27,0.001,1115.19,0.1479
1168,1,1681261399700.0,1114.27,0.001,1115.19,0.1479
1169,1,1681261399800.0,1114.27,0.001,1115.17,0.403
1170,1,1681261399900.0,1114.27,0.001,1115.17,0.403
1171,1,1681261400100.0,1114.27,0.001,1115.16,0.1427
1172,1,1681261400200.0,1114.27,0.001,1115.15,0.1427
1173,1,1681261400300.0,1114.27,0.001,1115.13,0.403
1174,1,1681261400400.0,1114.27,0.001,1115.13,0.403
1175,1,1681261400600.0,1114.27,0.001,1115.12,0.1875
1176,1,1681261400800.0,1114.27,0.001,1115.12,0.1875
1177,1,1681261400900.0,1114.27,0.001,1115.12,0.1875
1178,1,1681261401000.0,1114.27,0.001,1115.12,0.1875
1179,1,1681261401100.0,1114.27,0.001,1115.1,0.403
1180,1,1681261401200.0,1114.27,0.001,1115.1,0.403
1181,1,1681261401300.0,1114.27,0.001,1115.1,0.403
1182,1,1681261401400.0,1114.27,0.001,1115.1,0.403
1183,1,1681261401500.0,1114.27,0.001,1115.09,0.1725
1184,1,1681261401600.0,1114.27,0.001,1115.09,0.1777
1185,1,1681261401700.0,1114.27,0.001,1115.09,0.1777
1186,1,1681261401800.0,1114.27,0.001,1115.09,0.1725
1187,1,1681261401900.0,1114.27,0.001,1115.09,0.1725
1188,1,1681261402000.0,1114.27,0.001,1115.08,0.0052
1189,1,1681261402200.0,1114.27,0.001,1115.07,0.392
1190,1,1681261402400.0,1114.27,0.001,1115.06,0.0448
1191,1,1681261403000.0,1114.27,0.001,1115.06,0.05
1192,1,1681261403100.0,1114.27,0.001,1115.06,0.05
1193,1,1681261403200.0,1114.27,0.001,1115.06,0.05
1194,1,1681261403300.0,1114.27,0.001,1115.06,0.05
1195,1,1681261403400.0,1114.27,0.001,1115.06,0.05
1196,1,1681261403500.0,1114.27,0.001,1115.06,0.05
1197,1,1681261403700.0,1114.27,0.001,1115.06,0.05
1198,1,1681261403900.0,1114.27,0.001,1115.06,0.05
1199,1,1681261404000.0,1114.27,0.001,1115.06,0.05
1200,1,1681261404300.0,1114.27,0.001,1115.06,0.05
1201,1,1681261405100.0,1114.27,0.001,1115.06,0.05
1202,1,1681261405200.0,1114.27,0.001,1115.06,0.05
1203,1,1681261405300.0,1114.27,0.001,1115.06,0.05
1204,1,1681261405400.0,1114.27,0.001,1115.06,0.05
1205,1,1681261405500.0,1114.27,0.001,1115.06,0.05
1206,1,1681261405600.0,1114.27,0.001,1115.06,0.05
1207,1,1681261405700.0,1114.27,0.001,1115.06,0.05
1208,1,1681261405800.0,1114.27,0.001,1115.06,0.05
1209,1,1681261405900.0,1114.27,0.001,1115.06,0.05
1210,1,1681261406100.0,1114.27,0.001,1115.06,0.05
1211,1,1681261406200.0,1114.27,0.001,1115.06,0.05
1212,1,1681261406400.0,1114.27,0.001,1115.06,0.05
1213,1,1681261406700.0,1114.27,0.001,1115.06,0.05
1214,1,1681261406900.0,1114.27,0.001,1115.06,0.05
1215,1,1681261407100.0,1114.27,0.001,1115.06,0.05
1216,1,1681261407500.0,1114.27,0.001,1115.06,0.05
1217,1,1681261407700.0,1114.27,0.001,1115.06,0.05
1218,1,1681261407900.0,1114.27,0.001,1115.06,0.05
1219,1,1681261408000.0,1114.27,0.001,1115.06,0.05
1220,1,1681261408100.0,1114.27,0.001,1115.06,0.05
1221,1,1681261408300.0,1114.27,0.001,1115.06,0.05
1222,1,1681261408400.0,1114.27,0.001,1115.06,0.05
1223,1,1681261408500.0,1114.27,0.001,1115.06,0.05
1224,1,1681261408700.0,1114.27,0.001,1115.06,0.05
1225,1,1681261408800.0,1114.27,0.001,1115.06,0.05
1226,1,1681261408900.0,1114.27,0.001,1115.06,0.05
1227,1,1681261409000.0,1114.27,0.001,1115.06,0.05
1228,1,1681261409100.0,1114.27,0.001,1115.06,0.05
1229,1,1681261409300.0,1114.27,0.001,1115.06,0.05
1230,1,1681261409500.0,1114.27,0.001,1115.06,0.05
1231,1,1681261409800.0,1114.27,0.001,1115.06,0.05
1232,1,1681261409900.0,1114.27,0.001,1115.06,0.05
1233,1,1681261410100.0,1114.27,0.001,1115.06,0.05
1234,1,1681261410200.0,1114.27,0.001,1115.06,0.05
1235,1,1681261410300.0,1114.27,0.001,1115.06,0.05
1236,1,1681261410400.0,1114.27,0.001,1115.06,0.05
1237,1,1681261410700.0,1114.27,0.001,1115.06,0.05
1238,1,1681261411300.0,1114.27,0.001,1115.06,0.05
1239,1,1681261411400.0,1114.27,0.001,1115.06,0.05
1240,1,1681261411500.0,1114.27,0.001,1115.06,0.05
1241,1,1681261412200.0,1114.27,0.001,1115.06,0.05
1242,1,1681261412300.0,1114.27,0.001,1115.06,0.05
1243,1,1681261412400.0,1114.27,0.001,1115.06,0.05
1244,1,1681261412900.0,1114.27,0.001,1115.06,0.05
1245,1,1681261413000.0,1114.27,0.001,1115.06,0.05
1246,1,1681261413100.0,1114.27,0.001,1115.06,0.05
1247,1,1681261413400.0,1114.27,0.001,1115.06,0.05
1248,1,1681261413600.0,1114.27,0.001,1115.06,0.05
1249,1,1681261413700.0,1114.27,0.001,1115.06,0.05
1250,1,1681261413800.0,1114.27,0.001,1115.06,0.05
1251,1,1681261413900.0,1114.27,0.001,1115.06,0.05
1252,1,1681261414000.0,1114.27,0.001,1115.06,0.05
1253,1,1681261414100.0,1114.27,0.001,1115.06,0.05
1254,1,1681261414200.0,1114.27,0.001,1115.06,0.05
1255,1,1681261414400.0,1114.27,0.001,1115.06,0.05
1256,1,1681261414500.0,1114.27,0.001,1115.06,0.05
1257,1,1681261415000.0,1114.27,0.001,1115.06,0.05
1258,1,1681261415100.0,1114.27,0.001,1115.06,0.05
1259,1,1681261415300.0,1114.27,0.001,1115.06,0.05
1260,1,1681261415400.0,1114.27,0.001,1115.06,0.05
1261,1,1681261415600.0,1114.27,0.001,1115.06,0.05
1262,1,1681261415700.0,1114.27,0.001,1115.06,0.05
1263,1,1681261415800.0,1114.27,0.001,1115.06,0.05
1264,1,1681261415900.0,1114.27,0.001,1115.06,0.05
1265,1,1681261416100.0,1114.27,0.001,1115.06,0.05
1266,1,1681261416500.0,1114.27,0.001,1115.06,0.05
1267,1,1681261416600.0,1114.27,0.001,1115.06,0.05
1268,1,1681261416700.0,1114.27,0.001,1115.06,0.044800000000000006
1269,1,1681261416800.0,1114.27,0.001,1115.05,0.151
1270,1,1681261416900.0,1114.27,0.001,1115.04,0.0052
1271,1,1681261417000.0,1114.27,0.001,1115.04,0.0052
1272,1,1681261417100.0,1114.27,0.001,1115.04,0.0052
1273,1,1681261417500.0,1114.27,0.001,1115.04,0.0052
1274,1,1681261417600.0,1114.27,0.001,1115.04,0.0052
1275,1,1681261417800.0,1114.27,0.001,1115.04,0.0052
1276,1,1681261417900.0,1114.27,0.001,1115.04,0.0052
1277,1,1681261418200.0,1114.27,0.001,1115.04,0.0052
1278,1,1681261418400.0,1114.27,0.001,1115.04,0.0052
1279,1,1681261418500.0,1114.27,0.001,1115.04,0.0052
1280,1,1681261418700.0,1114.27,0.001,1115.04,0.0052
1281,1,1681261420200.0,1114.27,0.001,1115.04,0.0052
1282,1,1681261420300.0,1114.27,0.001,1115.04,0.0052
1283,1,1681261420400.0,1114.27,0.001,1115.04,0.0052
1284,1,1681261420600.0,1114.27,0.001,1115.04,0.0052
1285,1,1681261421000.0,1114.27,0.001,1115.04,0.0052
1286,1,1681261421100.0,1114.27,0.001,1115.04,0.0052
1287,1,1681261421200.0,1114.27,0.001,1115.04,0.0052
1288,1,1681261421500.0,1114.27,0.001,1115.04,0.0052
1289,1,1681261421800.0,1114.27,0.001,1115.04,0.0052
1290,1,1681261422200.0,1114.27,0.001,1115.04,0.0052
1291,1,1681261422300.0,1114.27,0.001,1115.04,0.0052
1292,1,1681261422700.0,1114.27,0.001,1115.04,0.0052
1293,1,1681261422800.0,1114.27,0.001,1115.04,0.0052
1294,1,1681261422900.0,1114.27,0.001,1115.04,0.0052
1295,1,1681261423100.0,1114.27,0.001,1115.04,0.0052
1296,1,1681261423400.0,1114.27,0.001,1115.04,0.0052
1297,1,1681261423600.0,1114.27,0.001,1115.04,0.0052
1298,1,1681261423700.0,1114.27,0.001,1115.04,0.0052
1299,1,1681261423900.0,1114.27,0.001,1115.04,0.0052
1300,1,1681261424000.0,1114.27,0.001,1115.04,0.0052
1301,1,1681261424100.0,1114.27,0.001,1115.04,0.0052
1302,1,1681261424400.0,1114.27,0.001,1115.04,0.0052
1303,1,1681261424600.0,1114.27,0.001,1115.04,0.0052
1304,1,1681261424800.0,1114.27,0.001,1115.04,0.0052
1305,1,1681261424900.0,1114.27,0.001,1115.04,0.0052
1306,1,1681261425000.0,1114.27,0.001,1115.04,0.0052
1307,1,1681261425100.0,1114.27,0.001,1115.04,0.0052
1308,1,1681261425300.0,1114.27,0.001,1115.04,0.0052
1309,1,1681261425700.0,1114.27,0.001,1115.04,0.0052
1310,1,1681261425800.0,1114.27,0.001,1115.04,0.0052
1311,1,1681261425900.0,1114.27,0.001,1115.04,0.0052
1312,1,1681261426000.0,1114.27,0.001,1115.04,0.0052
1313,1,1681261426200.0,1114.27,0.001,1115.04,0.0052
1314,1,1681261426300.0,1114.27,0.001,1115.04,0.0052
1315,1,1681261426400.0,1114.27,0.001,1115.04,0.0052
1316,1,1681261426700.0,1114.27,0.001,1115.04,0.0052
1317,1,1681261426800.0,1114.27,0.001,1115.04,0.0052
1318,1,1681261426900.0,1114.27,0.001,1115.04,0.0052
1319,1,1681261427100.0,1114.27,0.001,1115.04,0.0052
1320,1,1681261427500.0,1114.27,0.001,1115.04,0.0052
1321,1,1681261428100.0,1114.27,0.001,1115.04,0.0052
1322,1,1681261428200.0,1114.27,0.001,1115.04,0.0052
1323,1,1681261428500.0,1114.27,0.001,1115.04,0.0052
1324,1,1681261428600.0,1114.27,0.001,1115.04,0.0052
1325,1,1681261428800.0,1114.27,0.001,1115.04,0.0052
1326,1,1681261429000.0,1114.27,0.001,1115.04,0.0052
1327,1,1681261429200.0,1114.27,0.001,1115.04,0.0052
1328,1,1681261429400.0,1114.27,0.001,1115.04,0.0052
1329,1,1681261429500.0,1114.27,0.001,1115.04,0.0052
1330,1,1681261429600.0,1114.27,0.001,1115.04,0.0052
1331,1,1681261429800.0,1114.27,0.001,1115.04,0.0052
1332,1,1681261430000.0,1114.27,0.001,1115.04,0.0052
1333,1,1681261430100.0,1114.27,0.001,1115.04,0.0052
1334,1,1681261430300.0,1114.27,0.001,1115.04,0.0052
1335,1,1681261430500.0,1114.27,0.001,1115.04,0.0052
1336,1,1681261430700.0,1114.27,0.001,1115.04,0.0052
1337,1,1681261430900.0,1114.27,0.001,1115.04,0.0052
1338,1,1681261431000.0,1114.27,0.001,1115.04,0.0052
1339,1,1681261431100.0,1114.27,0.001,1115.04,0.0052
1340,1,1681261431300.0,1114.27,0.001,1115.04,0.0052
1341,1,1681261431400.0,1114.27,0.001,1115.04,0.0052
1342,1,1681261431500.0,1114.27,0.001,1115.04,0.0052
1343,1,1681261431600.0,1114.27,0.001,1115.04,0.0052
1344,1,1681261431700.0,1114.27,0.001,1115.04,0.0052
1345,1,1681261432000.0,1114.27,0.001,1115.04,0.0052
1346,1,1681261432100.0,1114.27,0.001,1115.04,0.0052
1347,1,1681261432200.0,1114.27,0.001,1115.04,0.0052
1348,1,1681261432500.0,1114.27,0.001,1115.04,0.0052
1349,1,1681261432700.0,1114.27,0.001,1115.04,0.0052
1350,1,1681261432800.0,1114.27,0.001,1115.51,0.1527
1351,1,1681261433000.0,1114.27,0.001,1115.5,0.0052
1352,1,1681261433100.0,1114.27,0.001,1115.49,0.592
1353,1,1681261433400.0,1114.27,0.001,1115.49,0.592
1354,1,1681261433600.0,1114.27,0.001,1115.48,0.0052
1355,1,1681261433700.0,1114.27,0.001,1115.48,0.1579
1356,1,1681261433800.0,1114.27,0.001,1115.47,0.1527
1357,1,1681261433900.0,1114.27,0.001,1115.46,0.576
1358,1,1681261434100.0,1114.27,0.001,1115.46,0.576
1359,1,1681261434200.0,1114.27,0.001,1115.46,0.576
1360,1,1681261434400.0,1114.27,0.001,1115.46,0.5811999999999999
1361,1,1681261434500.0,1114.27,0.001,1115.45,0.0448
1362,1,1681261434600.0,1114.27,0.001,1115.45,0.0448
1363,1,1681261434700.0,1114.27,0.001,1115.45,0.05
1364,1,1681261434800.0,1114.27,0.001,1115.45,0.05
1365,1,1681261435000.0,1114.27,0.001,1115.45,0.05
1366,1,1681261435500.0,1114.27,0.001,1115.45,0.05
1367,1,1681261435600.0,1114.27,0.001,1115.45,0.05
1368,1,1681261435800.0,1114.27,0.001,1115.45,0.05
1369,1,1681261436100.0,1114.27,0.001,1115.45,0.2027
1370,1,1681261436500.0,1114.27,0.001,1115.45,0.2027
1371,1,1681261436600.0,1114.27,0.001,1115.45,0.2027
1372,1,1681261436700.0,1114.27,0.001,1115.45,0.2027
1373,1,1681261436800.0,1114.27,0.001,1115.45,0.2027
1374,1,1681261436900.0,1114.27,0.001,1115.45,0.2027
1375,1,1681261437100.0,1114.27,0.001,1115.45,0.2027
1376,1,1681261437200.0,1114.27,0.001,1115.45,0.2027
1377,1,1681261437300.0,1114.27,0.001,1115.45,0.19749999999999998
1378,1,1681261437500.0,1114.27,0.001,1115.45,0.19749999999999998
1379,1,1681261437600.0,1114.27,0.001,1115.45,0.19749999999999998
1380,1,1681261437700.0,1114.27,0.001,1115.45,0.19749999999999998
1381,1,1681261437800.0,1114.27,0.001,1115.45,0.19749999999999998
1382,1,1681261437900.0,1114.27,0.001,1115.45,0.19749999999999998
1383,1,1681261438000.0,1114.27,0.001,1115.44,0.0052
1384,1,1681261438100.0,1114.27,0.001,1115.44,0.0052
1385,1,1681261438200.0,1114.27,0.001,1115.44,0.0052
1386,1,1681261438300.0,1114.27,0.001,1115.44,0.0052
1387,1,1681261438500.0,1114.27,0.001,1115.44,0.0052
1388,1,1681261438600.0,1114.27,0.001,1115.44,0.0052
1389,1,1681261438700.0,1114.27,0.001,1115.44,0.0052
1390,1,1681261438800.0,1114.27,0.001,1115.44,0.0052
1391,1,1681261438900.0,1114.27,0.001,1115.44,0.0052
1392,1,1681261439000.0,1114.27,0.001,1115.43,0.136
1393,1,1681261439100.0,1114.27,0.001,1115.43,0.136
1394,1,1681261439200.0,1114.27,0.001,1115.43,0.136
1395,1,1681261439300.0,1114.27,0.001,1115.43,0.136
1396,1,1681261439500.0,1114.27,0.001,1115.43,0.136
1397,1,1681261439700.0,1114.27,0.001,1115.42,0.0052
1398,1,1681261439800.0,1114.27,0.001,1115.42,0.0052
1399,1,1681261439900.0,1114.27,0.001,1115.42,0.0052
1400,1,1681261440000.0,1114.27,0.001,1115.42,0.0052
1401,1,1681261440100.0,1114.27,0.001,1115.42,0.0052
1402,1,1681261440200.0,1114.27,0.001,1115.42,0.0052
1403,1,1681261440300.0,1114.27,0.001,1115.42,0.0052
1404,1,1681261440400.0,1114.27,0.001,1115.42,0.0052
1405,1,1681261440500.0,1114.27,0.001,1115.42,0.0052
1406,1,1681261440600.0,1114.27,0.001,1115.42,0.0052
1407,1,1681261440700.0,1114.27,0.001,1115.87,0.1526
1408,1,1681261440800.0,1114.27,0.001,1115.87,0.1526
1409,1,1681261441000.0,1114.27,0.001,1115.86,0.0052
1410,1,1681261441100.0,1114.27,0.001,1115.85,0.55
1411,1,1681261441200.0,1114.27,0.001,1115.85,0.55
1412,1,1681261441300.0,1114.27,0.001,1115.85,0.55
1413,1,1681261441400.0,1114.27,0.001,1115.84,0.0052
1414,1,1681261441500.0,1114.27,0.001,1115.84,0.0052
1415,1,1681261441600.0,1114.27,0.001,1115.84,0.0052
1416,1,1681261441900.0,1114.27,0.001,1115.84,0.0052
1417,1,1681261442000.0,1114.28,0.365,1115.84,0.0052
1418,1,1681261442100.0,1114.28,0.365,1116.16,0.153
1419,1,1681261442200.0,1114.28,0.365,1116.16,0.153
1420,1,1681261442400.0,1114.28,0.365,1116.16,0.153
1421,1,1681261442500.0,1114.28,0.365,1116.16,0.153
1422,1,1681261442700.0,1114.28,0.365,1116.15,0.0052
1423,1,1681261442800.0,1114.28,0.365,1116.15,0.0052
1424,1,1681261442900.0,1114.28,0.365,1116.15,0.942
1425,1,1681261443600.0,1114.28,0.365,1116.15,0.942
1426,1,1681261444000.0,1114.28,0.365,1116.15,0.942
1427,1,1681261444200.0,1114.28,0.365,1116.15,0.9368
1428,1,1681261444300.0,1114.28,0.365,1116.15,0.9368
1429,1,1681261444400.0,1114.28,0.365,1116.15,0.9368
1430,1,1681261444600.0,1114.28,0.365,1116.14,0.0052
1431,1,1681261444900.0,1114.28,0.365,1116.14,0.0052
1432,1,1681261445000.0,1114.28,0.365,1116.14,0.0052
1433,1,1681261445100.0,1114.28,0.365,1116.14,0.0052
1434,1,1681261445400.0,1114.28,0.365,1116.14,0.0052
1435,1,1681261445600.0,1114.28,0.365,1116.14,0.0052
1436,1,1681261445700.0,1114.28,0.365,1116.14,0.0052
1437,1,1681261445800.0,1114.28,0.365,1116.14,0.0052
1438,1,1681261445900.0,1114.28,0.365,1116.14,0.0052
1439,1,1681261446000.0,1114.28,0.365,1116.14,0.0052
1440,1,1681261446100.0,1114.28,0.365,1116.14,0.0052
1441,1,1681261446200.0,1114.28,0.365,1116.14,0.0052
1442,1,1681261446300.0,1114.28,0.365,1116.14,0.0052
1443,1,1681261446400.0,1114.28,0.365,1116.14,0.0052
1444,1,1681261446500.0,1114.28,0.365,1116.14,0.0052
1445,1,1681261446600.0,1114.28,0.365,1116.14,0.0052
1446,1,1681261446700.0,1114.28,0.365,1116.14,0.0052
1447,1,1681261446800.0,1114.28,0.365,1116.14,0.0052
1448,1,1681261446900.0,1114.28,0.365,1116.14,0.0052
1449,1,1681261447000.0,1114.28,0.365,1116.14,0.0052
1450,1,1681261447100.0,1114.28,0.365,1116.14,0.0052
1451,1,1681261447200.0,1114.28,0.365,1116.14,0.0052
1452,1,1681261447300.0,1114.28,0.365,1116.14,0.0052
1453,1,1681261447400.0,1114.28,0.365,1116.14,0.0052
1454,1,1681261447500.0,1114.28,0.365,1116.14,0.0052
1455,1,1681261447600.0,1114.28,0.365,1116.14,0.0052
1456,1,1681261447700.0,1114.28,0.365,1116.14,0.0052
1457,1,1681261447800.0,1114.28,0.365,1116.14,0.0052
1458,1,1681261448000.0,1114.28,0.365,1116.14,0.0052
1459,1,1681261448100.0,1114.28,0.365,1116.14,0.0052
1460,1,1681261448300.0,1114.28,0.365,1116.14,0.0052
1461,1,1681261448500.0,1114.28,0.365,1116.14,0.0052
1462,1,1681261448700.0,1114.28,0.365,1116.14,0.0052
1463,1,1681261448800.0,1114.28,0.365,1116.14,0.0052
1464,1,1681261448900.0,1114.28,0.365,1116.14,0.0052
1465,1,1681261449000.0,1114.28,0.365,1116.14,0.0052
1466,1,1681261449300.0,1114.28,0.365,1116.14,0.0052
1467,1,1681261449500.0,1114.28,0.365,1116.14,0.0052
1468,1,1681261449700.0,1114.28,0.365,1116.45,0.1112
1469,1,1681261449800.0,1114.28,0.365,1116.45,0.1112
1470,1,1681261449900.0,1114.28,0.365,1116.45,0.1112
1471,1,1681261450000.0,1114.28,0.365,1116.45,0.1112
1472,1,1681261450700.0,1114.28,0.365,1116.45,0.1112
1473,1,1681261450800.0,1114.28,0.365,1116.91,0.1112
1474,1,1681261450900.0,1114.28,0.365,1116.82,0.154
1475,1,1681261451000.0,1114.28,0.365,1116.81,0.0052
1476,1,1681261451100.0,1114.28,0.365,1116.81,0.0052
1477,1,1681261451200.0,1114.28,0.365,1116.81,0.0052
1478,1,1681261451300.0,1114.28,0.365,1116.81,0.0052
1479,1,1681261451400.0,1114.28,0.365,1116.8,0.154
1480,1,1681261451500.0,1114.28,0.365,1116.8,0.154
1481,1,1681261451600.0,1114.28,0.365,1116.91,0.1112
1482,1,1681261451700.0,1114.28,0.365,1116.9,0.0052
1483,1,1681261451800.0,1114.28,0.365,1116.9,0.1592
1484,1,1681261451900.0,1114.29,0.1183,1116.9,0.154
1485,1,1681261452100.0,1114.29,0.1183,1116.89,0.0052
1486,1,1681261452400.0,1114.29,0.1183,1116.89,0.0052
1487,1,1681261452500.0,1114.29,0.1183,1116.89,0.0052
1488,1,1681261452600.0,1114.29,0.1183,1116.89,0.0052
1489,1,1681261452800.0,1114.29,0.1183,1116.89,0.0052
1490,1,1681261452900.0,1114.29,0.1183,1116.89,0.0052
1491,1,1681261453000.0,1114.29,0.1183,1116.89,0.0052
1492,1,1681261453300.0,1114.29,0.1183,1116.89,0.0052
1493,1,1681261453400.0,1114.29,0.1183,1116.89,0.0052
1494,1,1681261453500.0,1114.29,0.1183,1116.88,0.154
1495,1,1681261453600.0,1114.29,0.1183,1116.88,0.154
1496,1,1681261453800.0,1114.29,0.1183,1116.87,0.0052
1497,1,1681261453900.0,1114.29,0.1183,1116.87,0.0052
1498,1,1681261454000.0,1114.29,0.1183,1116.87,0.0052
1499,1,1681261454100.0,1114.29,0.1183,1117.28,0.154
1500,1,1681261454300.0,1114.29,0.1183,1117.27,0.1592
1501,1,1681261454500.0,1114.29,0.1183,1117.26,0.1112
1502,1,1681261454600.0,1114.29,0.1183,1117.25,0.1592
1503,1,1681261454800.0,1114.29,0.1183,1117.24,0.2652
1504,1,1681261455000.0,1114.29,0.1183,1117.23,0.2704
1505,1,1681261455100.0,1114.29,0.1183,1117.21,0.2704
1506,1,1681261455400.0,1114.29,0.1183,1117.2,0.1112
1507,1,1681261455500.0,1114.29,0.1183,1117.19,0.0052
1508,1,1681261455600.0,1114.28,0.365,1117.19,0.0052
1509,1,1681261455700.0,1114.28,0.365,1117.18,0.2652
1510,1,1681261455800.0,1114.29,0.4105,1117.18,0.2652
1511,1,1681261455900.0,1114.29,0.4105,1117.17,0.1592
1512,1,1681261456000.0,1114.29,0.4105,1117.17,0.2704
1513,1,1681261456100.0,1114.29,0.4105,1117.16,0.2652
1514,1,1681261456200.0,1114.29,0.4105,1117.15,0.1592
1515,1,1681261456300.0,1114.29,0.4105,1117.14,0.2652
1516,1,1681261456400.0,1114.29,0.4105,1117.13,0.2704
1517,1,1681261456500.0,1114.29,0.4105,1117.12,0.2652
1518,1,1681261456600.0,1114.29,0.4105,1117.11,0.1164
1519,1,1681261456700.0,1114.29,0.4105,1117.11,0.1164
1520,1,1681261456800.0,1114.29,0.4105,1117.1,0.2652
1521,1,1681261456900.0,1114.29,0.4105,1117.09,0.0052
1522,1,1681261457000.0,1114.29,0.4105,1117.09,0.1592
1523,1,1681261457100.0,1114.29,0.4105,1117.08,0.154
1524,1,1681261457300.0,1114.29,0.4105,1117.07,0.0052
1525,1,1681261457500.0,1114.29,0.4105,1117.06,0.154
1526,1,1681261457600.0,1114.29,0.4105,1117.06,0.154
1527,1,1681261457700.0,1114.29,0.4105,1117.06,0.154
1528,1,1681261457900.0,1114.29,0.4105,1117.05,0.0052
1529,1,1681261458100.0,1114.29,0.4105,1117.04,0.154
1530,1,1681261458300.0,1114.29,0.4105,1117.04,0.154
1531,1,1681261458500.0,1114.29,0.4105,1117.04,0.154
1532,1,1681261458800.0,1114.29,0.4105,1117.04,0.154
1533,1,1681261458900.0,1114.29,0.4105,1117.04,0.154
1534,1,1681261459000.0,1114.29,0.4105,1117.04,0.154
1535,1,1681261459300.0,1114.29,0.4105,1117.04,0.154
1536,1,1681261459400.0,1114.29,0.4105,1117.04,0.154
1537,1,1681261459500.0,1114.29,0.4105,1117.03,0.9363
1538,1,1681261459600.0,1114.29,0.4105,1117.03,0.9363
1539,1,1681261459700.0,1114.29,0.4105,1117.03,0.9363
1540,1,1681261459900.0,1114.29,0.4105,1117.02,0.0052
1541,1,1681261460000.0,1114.29,0.4105,1117.02,0.0052
1542,1,1681261460300.0,1114.29,0.4105,1117.02,0.0052
1543,1,1681261460400.0,1114.29,0.4105,1117.02,0.0052
1544,1,1681261460500.0,1114.29,0.4105,1117.02,0.0052
1545,1,1681261460600.0,1114.29,0.4105,1117.02,0.0052
1546,1,1681261460800.0,1114.29,0.4105,1117.02,0.0052
1547,1,1681261460900.0,1114.29,0.4105,1117.02,0.0052
1548,1,1681261461100.0,1114.29,0.4105,1117.02,0.0052
1549,1,1681261461300.0,1114.29,0.4105,1117.02,0.0052
1550,1,1681261461400.0,1114.29,0.4105,1117.02,0.0052
1551,1,1681261461500.0,1114.29,0.4105,1117.02,0.0052
1552,1,1681261461700.0,1114.29,0.4105,1117.02,0.0052
1553,1,1681261461900.0,1114.29,0.4105,1117.02,0.0052
1554,1,1681261462000.0,1114.29,0.4105,1117.02,0.0052
1555,1,1681261462100.0,1114.29,0.4105,1117.02,0.0052
1556,1,1681261462200.0,1114.29,0.5772999999999999,1117.02,0.1592
1557,1,1681261462300.0,1114.29,0.5772999999999999,1117.02,0.154
1558,1,1681261462400.0,1114.29,0.5772999999999999,1117.02,0.154
1559,1,1681261462500.0,1114.29,0.5772999999999999,1117.01,0.0052
1560,1,1681261462600.0,1114.29,0.5772999999999999,1117.01,0.0052
1561,1,1681261462700.0,1114.29,0.5772999999999999,1117.0,0.154
1562,1,1681261462800.0,1114.29,0.5772999999999999,1117.0,0.154
1563,1,1681261462900.0,1114.29,0.5772999999999999,1116.99,0.0052
1564,1,1681261463000.0,1114.29,0.5772999999999999,1116.99,0.0052
1565,1,1681261463100.0,1114.29,0.5772999999999999,1116.99,0.0052
1566,1,1681261463200.0,1114.3,0.0222,1116.99,0.0052
1567,1,1681261463300.0,1114.3,0.0222,1116.99,0.0052
1568,1,1681261463500.0,1114.3,0.0222,1116.99,0.0052
1569,1,1681261463700.0,1114.3,0.0222,1116.99,0.0052
1570,1,1681261463900.0,1114.3,0.0222,1116.99,0.0052
1571,1,1681261464000.0,1114.3,0.0222,1116.99,0.0052
1572,1,1681261464100.0,1114.3,0.0222,1116.99,0.0052
1573,1,1681261464200.0,1114.3,0.0222,1116.99,0.0052
1574,1,1681261464300.0,1114.3,0.0222,1116.99,0.0052
1575,1,1681261464400.0,1114.31,0.3735,1116.98,0.619
1576,1,1681261464500.0,1114.32,0.0222,1116.98,0.619
1577,1,1681261464600.0,1114.32,0.0222,1116.98,0.619
1578,1,1681261464700.0,1114.32,0.0222,1116.97,0.0052
1579,1,1681261464800.0,1114.32,0.0222,1116.97,0.0052
1580,1,1681261464900.0,1114.32,0.0222,1116.97,0.0052
1581,1,1681261465000.0,1114.32,0.0222,1116.97,0.0052
1582,1,1681261465100.0,1114.32,0.0222,1116.97,0.0052
1583,1,1681261465300.0,1114.32,0.0222,1116.97,0.0052
1584,1,1681261465400.0,1114.32,0.0222,1116.97,0.0052
1585,1,1681261465500.0,1114.32,0.0222,1116.97,0.0052
1586,1,1681261465600.0,1114.32,0.0222,1116.97,0.0052
1587,1,1681261465800.0,1114.32,0.0222,1116.97,0.0052
1588,1,1681261466000.0,1114.32,0.0222,1116.97,0.0052
1589,1,1681261466300.0,1114.32,0.0222,1116.97,0.0052
1590,1,1681261466400.0,1114.32,0.0222,1116.97,0.0052
1591,1,1681261466500.0,1114.32,0.0222,1116.96,0.154
1592,1,1681261466700.0,1114.32,0.0222,1116.96,0.154
1593,1,1681261466900.0,1114.34,0.0222,1116.95,0.6372
1594,1,1681261467000.0,1114.34,0.189,1116.95,0.6372
1595,1,1681261467600.0,1114.34,0.189,1117.21,0.646
1596,1,1681261467800.0,1114.34,0.189,1117.2,0.0052
1597,1,1681261467900.0,1114.34,0.189,1117.2,0.0052
1598,1,1681261468000.0,1114.34,0.189,1117.2,0.0052
1599,1,1681261468100.0,1114.34,0.189,1117.19,0.154
1600,1,1681261468200.0,1114.34,0.189,1117.19,0.154
1601,1,1681261468300.0,1114.34,0.189,1117.18,0.0052
1602,1,1681261468500.0,1114.34,0.189,1117.17,0.154
1603,1,1681261468600.0,1114.34,0.189,1117.17,0.154
1604,1,1681261468800.0,1114.34,0.189,1117.15,0.676
1605,1,1681261469000.0,1114.34,0.189,1117.15,0.676
1606,1,1681261469100.0,1114.34,0.189,1117.14,0.0052
1607,1,1681261469300.0,1114.34,0.189,1117.14,0.0052
1608,1,1681261469500.0,1114.34,0.189,1117.14,0.0052
1609,1,1681261469600.0,1114.34,0.189,1117.14,0.0052
1610,1,1681261469800.0,1114.34,0.189,1117.14,0.0052
1611,1,1681261469900.0,1114.34,0.189,1117.14,0.0052
1612,1,1681261470000.0,1114.34,0.189,1117.14,0.0052
1613,1,1681261470100.0,1114.34,0.189,1117.14,0.0052
1614,1,1681261470200.0,1114.34,0.189,1117.14,0.0052
1615,1,1681261470300.0,1114.34,0.189,1117.14,0.0052
1616,1,1681261470400.0,1114.34,0.189,1117.14,0.0052
1617,1,1681261470500.0,1114.34,0.189,1117.14,0.0052
1618,1,1681261470600.0,1114.34,0.189,1117.14,0.0052
1619,1,1681261470700.0,1114.34,0.189,1117.13,0.154
1620,1,1681261470800.0,1114.34,0.189,1117.13,0.154
1621,1,1681261470900.0,1114.34,0.189,1117.13,0.154
1622,1,1681261471000.0,1114.34,0.189,1117.11,0.676
1623,1,1681261471300.0,1114.34,0.189,1117.11,0.676
1624,1,1681261471500.0,1114.34,0.189,1117.1,0.154
1625,1,1681261471600.0,1114.34,0.189,1117.09,0.0052
1626,1,1681261471700.0,1114.34,0.189,1117.07,0.674
1627,1,1681261471900.0,1114.34,0.189,1117.06,0.154
1628,1,1681261472000.0,1114.34,0.189,1117.05,0.0052
1629,1,1681261472100.0,1114.34,0.189,1117.03,0.674
1630,1,1681261472200.0,1114.34,0.189,1117.02,0.154
1631,1,1681261472400.0,1114.34,0.189,1117.01,0.0052
1632,1,1681261472500.0,1114.34,0.189,1116.99,0.674
1633,1,1681261472600.0,1114.27,0.001,1116.99,0.674
1634,1,1681261472700.0,1114.27,0.001,1116.99,0.674
1635,1,1681261472800.0,1114.27,0.001,1116.98,0.0052
1636,1,1681261472900.0,1114.27,0.001,1116.98,0.0052
1637,1,1681261473000.0,1114.27,0.001,1116.98,0.0052
1638,1,1681261473100.0,1114.27,0.001,1116.98,0.0052
1639,1,1681261473200.0,1114.27,0.001,1116.97,0.154
1640,1,1681261473300.0,1114.27,0.001,1116.97,0.154
1641,1,1681261473400.0,1114.27,0.001,1116.97,0.154
1642,1,1681261473500.0,1114.27,0.001,1116.96,0.0052
1643,1,1681261473600.0,1114.27,0.001,1116.95,0.467
1644,1,1681261473700.0,1114.27,0.001,1116.95,0.467
1645,1,1681261473800.0,1114.27,0.001,1116.95,0.621
1646,1,1681261473900.0,1114.27,0.001,1116.94,0.0052
1647,1,1681261474000.0,1114.27,0.001,1116.94,0.0052
1648,1,1681261474100.0,1114.27,0.001,1116.94,0.0052
1649,1,1681261474200.0,1114.27,0.001,1116.94,0.0052
1650,1,1681261474400.0,1114.27,0.001,1116.94,0.0052
1651,1,1681261474500.0,1114.27,0.001,1116.94,0.0052
1652,1,1681261474600.0,1114.27,0.001,1116.94,0.0052
1653,1,1681261474700.0,1114.27,0.001,1116.94,0.0052
1654,1,1681261474800.0,1114.27,0.001,1116.94,0.0052
1655,1,1681261474900.0,1114.27,0.001,1116.94,0.0052
1656,1,1681261475000.0,1114.27,0.001,1116.94,0.0052
1657,1,1681261475200.0,1114.27,0.001,1116.94,0.0052
1658,1,1681261475300.0,1114.27,0.001,1116.94,0.0052
1659,1,1681261475500.0,1114.27,0.001,1116.94,0.0052
1660,1,1681261475600.0,1114.27,0.001,1116.94,0.0052
1661,1,1681261475700.0,1114.27,0.001,1116.94,0.0052
1662,1,1681261475900.0,1114.27,0.001,1116.94,0.0052
1663,1,1681261476100.0,1114.27,0.001,1116.94,0.0052
1664,1,1681261476300.0,1114.27,0.001,1116.94,0.0052
1665,1,1681261476400.0,1114.27,0.001,1116.94,0.0052
1666,1,1681261476500.0,1114.27,0.001,1116.94,0.0052
1667,1,1681261476600.0,1114.27,0.001,1116.94,0.0052
1668,1,1681261476700.0,1114.27,0.001,1116.94,0.0052
1669,1,1681261477400.0,1114.27,0.001,1116.94,0.0052
1670,1,1681261477500.0,1114.27,0.001,1116.94,0.0052
1671,1,1681261477600.0,1114.27,0.001,1116.94,0.1592
1672,1,1681261477800.0,1114.27,0.001,1116.94,0.154
1673,1,1681261478000.0,1114.27,0.001,1116.93,0.0052
1674,1,1681261478100.0,1114.27,0.001,1116.92,0.577
1675,1,1681261478200.0,1114.27,0.001,1116.92,0.577
1676,1,1681261478400.0,1114.27,0.001,1116.91,0.0052
1677,1,1681261478600.0,1114.27,0.001,1116.91,0.0052
1678,1,1681261478800.0,1114.27,0.001,1116.91,0.0052
1679,1,1681261479000.0,1114.27,0.001,1116.91,0.1592
1680,1,1681261479100.0,1114.27,0.001,1116.91,0.154
1681,1,1681261479300.0,1114.27,0.001,1116.9,0.0052
1682,1,1681261479400.0,1114.27,0.001,1116.89,0.577
1683,1,1681261479500.0,1114.27,0.001,1116.89,0.577
1684,1,1681261479600.0,1114.27,0.001,1116.88,0.0052
1685,1,1681261479700.0,1114.27,0.001,1116.88,0.0052
1686,1,1681261479800.0,1114.27,0.001,1116.88,0.0052
1687,1,1681261480000.0,1114.27,0.001,1116.88,0.0052
1688,1,1681261480100.0,1114.27,0.001,1116.88,0.0052
1689,1,1681261480300.0,1114.27,0.001,1116.88,0.0052
1690,1,1681261480400.0,1114.27,0.001,1116.88,0.0052
1691,1,1681261480500.0,1114.27,0.001,1116.88,0.0052
1692,1,1681261480600.0,1114.27,0.001,1116.88,0.0052
1693,1,1681261480700.0,1114.27,0.001,1116.88,0.0052
1694,1,1681261480800.0,1114.27,0.001,1116.88,0.0052
1695,1,1681261480900.0,1114.27,0.001,1116.88,0.0052
1696,1,1681261481000.0,1114.27,0.001,1116.88,0.0052
1697,1,1681261481100.0,1114.27,0.001,1116.88,0.0052
1698,1,1681261481200.0,1114.27,0.001,1116.88,0.0052
1699,1,1681261481300.0,1114.27,0.001,1116.87,0.0052
1700,1,1681261481400.0,1114.27,0.001,1116.86,0.154
1701,1,1681261481500.0,1114.27,0.001,1116.85,0.0052
1702,1,1681261481700.0,1114.27,0.001,1116.85,0.0052
1703,1,1681261481900.0,1114.27,0.001,1116.85,0.0052
1704,1,1681261482000.0,1114.27,0.001,1116.85,0.0052
1705,1,1681261482200.0,1114.27,0.001,1116.85,0.0052
1706,1,1681261482400.0,1114.27,0.001,1116.85,0.0052
1707,1,1681261482500.0,1114.27,0.001,1116.85,0.0052
1708,1,1681261482600.0,1114.27,0.001,1116.85,0.0052
1709,1,1681261482800.0,1114.27,0.001,1116.85,0.0052
1710,1,1681261483000.0,1114.27,0.001,1116.85,0.0052
1711,1,1681261483100.0,1114.27,0.001,1116.85,0.0052
1712,1,1681261483200.0,1114.27,0.001,1116.85,0.0052
1713,1,1681261483400.0,1114.27,0.001,1116.84,0.357
1714,1,1681261483600.0,1114.27,0.001,1116.84,0.357
1715,1,1681261483700.0,1114.27,0.001,1116.84,0.357
1716,1,1681261483800.0,1114.27,0.001,1116.83,0.0052
1717,1,1681261483900.0,1114.27,0.001,1116.83,0.0052
1718,1,1681261484000.0,1114.27,0.001,1116.83,0.0052
1719,1,1681261484100.0,1114.27,0.001,1116.83,0.0052
1720,1,1681261484200.0,1114.27,0.001,1116.83,0.0052
1721,1,1681261484300.0,1114.27,0.001,1116.83,0.0052
1722,1,1681261484400.0,1114.27,0.001,1116.83,0.0052
1723,1,1681261484500.0,1114.27,0.001,1116.83,0.0052
1724,1,1681261484600.0,1114.27,0.001,1116.83,0.0052
1725,1,1681261484700.0,1114.27,0.001,1116.83,0.0052
1726,1,1681261484800.0,1114.27,0.001,1116.83,0.0052
1727,1,1681261485000.0,1114.27,0.001,1116.83,0.0052
1728,1,1681261485100.0,1114.27,0.001,1116.83,0.0052
1729,1,1681261485300.0,1114.27,0.001,1116.83,0.0052
1730,1,1681261485400.0,1114.27,0.001,1116.83,0.0052
1731,1,1681261485500.0,1114.27,0.001,1116.83,0.0052
1732,1,1681261485600.0,1114.27,0.001,1116.83,0.0052
1733,1,1681261485700.0,1114.27,0.001,1116.83,0.0052
1734,1,1681261485800.0,1114.27,0.001,1116.83,0.0052
1735,1,1681261485900.0,1114.27,0.001,1116.83,0.0052
1736,1,1681261486000.0,1114.27,0.001,1116.83,0.0052
1737,1,1681261486200.0,1114.27,0.001,1116.83,0.0052
1738,1,1681261486600.0,1114.27,0.001,1116.83,0.0052
1739,1,1681261486700.0,1114.27,0.001,1116.83,0.0052
1740,1,1681261486800.0,1114.27,0.001,1116.83,0.0052
1741,1,1681261487000.0,1114.27,0.001,1116.83,0.0052
1742,1,1681261487100.0,1114.27,0.001,1116.83,0.0052
1743,1,1681261487200.0,1114.27,0.001,1116.83,0.0052
1744,1,1681261487300.0,1114.27,0.001,1116.83,0.0052
1745,1,1681261487500.0,1114.27,0.001,1116.83,0.0052
1746,1,1681261487600.0,1114.27,0.001,1116.83,0.0052
1747,1,1681261487800.0,1114.27,0.001,1116.83,0.0052
1748,1,1681261487900.0,1114.27,0.001,1116.83,0.0052
1749,1,1681261488100.0,1114.27,0.001,1116.83,0.0052
1750,1,1681261488300.0,1114.27,0.001,1116.83,0.0052
1751,1,1681261488400.0,1114.27,0.001,1116.83,0.0052
1752,1,1681261488500.0,1114.27,0.001,1116.83,0.0052
1753,1,1681261488600.0,1114.27,0.001,1116.82,0.9361
1754,1,1681261488700.0,1114.27,0.001,1116.82,0.9361
1755,1,1681261488800.0,1114.27,0.001,1116.8,0.332
1756,1,1681261489000.0,1114.27,0.001,1116.8,0.332
1757,1,1681261489200.0,1114.27,0.001,1116.79,0.0052
1758,1,1681261489300.0,1114.27,0.001,1116.79,0.0052
1759,1,1681261489400.0,1114.27,0.001,1116.79,0.0052
1760,1,1681261489500.0,1114.27,0.001,1116.79,0.0052
1761,1,1681261489600.0,1114.27,0.001,1116.79,0.0052
1762,1,1681261489700.0,1114.27,0.001,1116.79,0.0052
1763,1,1681261489800.0,1114.27,0.001,1116.79,0.0052
1764,1,1681261489900.0,1114.27,0.001,1116.79,0.0052
1765,1,1681261490000.0,1114.27,0.001,1116.79,0.0052
1766,1,1681261490300.0,1114.27,0.001,1116.79,0.0052
1767,1,1681261490400.0,1114.27,0.001,1116.79,0.0052
1768,1,1681261490500.0,1114.27,0.001,1116.79,0.0052
1769,1,1681261490600.0,1114.27,0.001,1116.79,0.0052
1770,1,1681261490700.0,1114.27,0.001,1116.79,0.0052
1771,1,1681261490800.0,1114.27,0.001,1116.79,0.0052
1772,1,1681261491000.0,1114.27,0.001,1116.79,0.0052
1773,1,1681261491300.0,1114.27,0.001,1116.79,0.0052
1774,1,1681261491400.0,1114.27,0.001,1116.79,0.0052
1775,1,1681261491500.0,1114.27,0.001,1116.79,0.0052
1776,1,1681261491600.0,1114.27,0.001,1116.79,0.0052
1777,1,1681261491800.0,1114.27,0.001,1116.79,0.0052
1778,1,1681261491900.0,1114.27,0.001,1116.79,0.0052
1779,1,1681261492100.0,1114.27,0.001,1116.79,0.0052
1780,1,1681261492300.0,1114.27,0.001,1116.79,0.0052
1781,1,1681261492400.0,1114.27,0.001,1116.79,0.0052
1782,1,1681261492500.0,1114.27,0.001,1116.79,0.0052
1783,1,1681261492700.0,1114.27,0.001,1116.79,0.0052
1784,1,1681261492800.0,1114.27,0.001,1116.79,0.0052
1785,1,1681261493000.0,1114.27,0.001,1116.79,0.0052
1786,1,1681261493100.0,1114.27,0.001,1116.79,0.0052
1787,1,1681261493200.0,1114.28,0.1668,1116.79,0.0052
1788,1,1681261493300.0,1114.29,0.0222,1116.79,0.0052
1789,1,1681261493400.0,1114.31,0.0222,1116.79,0.0052
1790,1,1681261493500.0,1114.31,0.0222,1116.79,0.0052
1791,1,1681261493600.0,1114.33,0.0222,1116.78,0.112
1792,1,1681261493700.0,1114.33,0.0222,1116.78,0.112
1793,1,1681261493800.0,1114.33,0.0222,1116.77,0.0052
1794,1,1681261493900.0,1114.33,0.0222,1116.77,0.0052
1795,1,1681261494000.0,1114.33,0.0222,1116.77,0.0052
1796,1,1681261494100.0,1114.33,0.0222,1116.77,0.0052
1797,1,1681261494300.0,1114.33,0.0222,1116.77,0.0052
1798,1,1681261494400.0,1114.33,0.0222,1116.77,0.0052
