,date,timestamp,bid_0_px,bid_0_qty,ask_0_px,ask_0_qty
0,1,1681268401500.0,1095.64,0.0227,1098.91,0.063
1,1,1681268401600.0,1095.64,0.0227,1098.91,0.063
2,1,1681268401900.0,1095.63,0.169,1098.91,0.063
3,1,1681268402000.0,1095.63,0.169,1098.91,0.063
4,1,1681268402200.0,1095.61,0.0756,1098.9,0.681
5,1,1681268402300.0,1095.26,0.33,1098.89,0.1416
6,1,1681268402400.0,1095.26,0.33,1098.88,0.1565
7,1,1681268402500.0,1095.26,0.33,1098.88,1.1862
8,1,1681268402600.0,1095.26,0.33,1098.87,0.681
9,1,1681268402700.0,1095.26,0.33,1098.86,0.3486
10,1,1681268402800.0,1095.26,0.33,1098.84,0.681
11,1,1681268403000.0,1095.27,0.0227,1098.83,0.3486
12,1,1681268403100.0,1095.27,0.0227,1098.82,0.3777
13,1,1681268403200.0,1095.27,0.0227,1098.82,0.3777
14,1,1681268403300.0,1095.27,0.0227,1098.82,0.3777
15,1,1681268403400.0,1095.27,0.0227,1098.82,0.3777
16,1,1681268403500.0,1095.27,0.0227,1098.81,0.681
17,1,1681268403600.0,1095.27,0.0227,1098.8,0.3486
18,1,1681268403700.0,1095.27,0.0227,1098.8,0.3486
19,1,1681268403800.0,1095.27,0.0227,1098.79,0.2292
20,1,1681268403900.0,1095.27,0.0227,1098.77,0.3486
21,1,1681268404000.0,1095.27,0.0227,1098.76,0.3486
22,1,1681268404100.0,1095.27,0.0227,1098.75,0.681
23,1,1681268404300.0,1095.27,0.0227,1098.74,0.3486
24,1,1681268404500.0,1095.27,0.0227,1098.74,0.3486
25,1,1681268404600.0,1095.27,0.0227,1098.72,0.681
26,1,1681268404700.0,1095.27,0.0227,1098.71,0.3486
27,1,1681268404800.0,1095.27,0.0227,1098.71,0.3486
28,1,1681268404900.0,1095.27,0.0227,1098.7,0.37770000000000004
29,1,1681268405000.0,1095.27,0.0227,1098.68,0.681
30,1,1681268405100.0,1095.26,0.33,1098.67,0.37770000000000004
31,1,1681268405200.0,1095.26,0.33,1098.67,0.37770000000000004
32,1,1681268405300.0,1095.26,0.33,1098.67,0.37770000000000004
33,1,1681268405400.0,1095.26,0.33,1098.66,0.1416
34,1,1681268405500.0,1095.26,0.33,1098.66,0.3486
35,1,1681268405700.0,1095.26,0.33,1098.65,0.37770000000000004
36,1,1681268405800.0,1095.26,0.132,1098.64,0.681
37,1,1681268405900.0,1095.22,0.118,1098.63,0.37770000000000004
38,1,1681268406000.0,1095.22,0.118,1098.63,0.37770000000000004
39,1,1681268406100.0,1095.22,0.118,1098.63,0.37770000000000004
40,1,1681268406200.0,1095.22,0.118,1098.62,0.3486
41,1,1681268406300.0,1095.22,0.118,1098.6,0.681
42,1,1681268406400.0,1095.22,0.118,1098.59,0.8173
43,1,1681268406500.0,1095.22,0.118,1098.59,0.8173
44,1,1681268406700.0,1095.22,0.118,1098.59,0.8173
45,1,1681268406800.0,1095.22,0.118,1098.57,0.681
46,1,1681268406900.0,1095.22,0.118,1098.57,0.681
47,1,1681268407000.0,1095.22,0.118,1098.56,0.35660000000000003
48,1,1681268407100.0,1095.22,0.118,1098.54,0.681
49,1,1681268407300.0,1095.22,0.118,1098.53,0.3777
50,1,1681268407400.0,1095.22,0.118,1098.53,0.3777
51,1,1681268407500.0,1095.22,0.118,1098.53,0.3777
52,1,1681268407700.0,1095.22,0.118,1098.51,0.681
53,1,1681268407800.0,1095.22,0.118,1098.51,0.681
54,1,1681268408300.0,1095.22,0.118,1098.5,0.3777
55,1,1681268408800.0,1095.22,0.118,1098.48,1.4983
56,1,1681268408900.0,1095.22,0.118,1098.47,0.36410000000000003
57,1,1681268409000.0,1095.22,0.118,1098.47,0.37750000000000006
58,1,1681268409100.0,1095.22,0.118,1098.44,0.681
59,1,1681268409200.0,1095.22,0.118,1098.44,0.681
60,1,1681268409500.0,1095.22,0.118,1098.43,0.34840000000000004
61,1,1681268409600.0,1095.22,0.118,1098.42,0.3721
62,1,1681268409700.0,1095.22,0.118,1098.41,0.1416
63,1,1681268409800.0,1095.22,0.118,1098.4,0.681
64,1,1681268409900.0,1095.22,0.118,1098.39,0.23049999999999998
65,1,1681268410000.0,1095.22,0.118,1098.38,0.34840000000000004
66,1,1681268410500.0,1095.22,0.118,1098.36,0.681
67,1,1681268410600.0,1095.22,0.118,1098.36,1.0294
68,1,1681268410700.0,1095.22,0.118,1098.35,0.34840000000000004
69,1,1681268410800.0,1095.22,0.118,1098.34,0.3484
70,1,1681268410900.0,1095.22,0.118,1098.33,0.681
71,1,1681268411000.0,1095.22,0.118,1098.32,0.2068
72,1,1681268411100.0,1095.22,0.118,1098.32,0.35380000000000006
73,1,1681268411400.0,1095.22,0.118,1098.31,0.1653
74,1,1681268411500.0,1095.22,0.118,1098.3,0.681
75,1,1681268411600.0,1095.22,0.118,1098.29,0.3538
76,1,1681268411700.0,1095.22,0.118,1098.28,0.3721
77,1,1681268411800.0,1095.22,0.118,1098.27,0.3538
78,1,1681268411900.0,1095.22,0.118,1098.26,0.681
79,1,1681268412000.0,1095.22,0.118,1098.24,0.3484
80,1,1681268412100.0,1095.22,0.118,1098.24,0.3484
81,1,1681268412500.0,1095.22,0.118,1098.22,1.0363
82,1,1681268412600.0,1095.22,0.118,1098.22,1.0363
83,1,1681268412700.0,1095.22,0.118,1098.21,0.3652
84,1,1681268412900.0,1095.22,0.118,1098.2,0.3553
85,1,1681268413000.0,1095.22,0.118,1098.18,0.681
86,1,1681268413300.0,1095.22,0.118,1098.17,0.8173
87,1,1681268413400.0,1095.22,0.118,1098.16,0.3553
88,1,1681268413500.0,1095.22,0.118,1098.14,0.3706
89,1,1681268413700.0,1095.22,0.118,1098.12,0.681
90,1,1681268414000.0,1095.22,0.118,1098.09,0.681
91,1,1681268414100.0,1095.22,0.118,1098.08,0.37060000000000004
92,1,1681268414400.0,1095.22,0.118,1098.07,0.3553
93,1,1681268414500.0,1095.22,0.118,1098.07,0.3553
94,1,1681268414600.0,1095.22,0.118,1098.05,1.0363
95,1,1681268414700.0,1095.22,0.118,1098.04,0.37060000000000004
96,1,1681268414800.0,1095.22,0.118,1098.03,0.3553
97,1,1681268414900.0,1095.22,0.118,1098.03,0.3553
98,1,1681268415000.0,1095.22,0.118,1098.01,0.681
99,1,1681268415900.0,1095.22,0.118,1098.0,0.0069
100,1,1681268416100.0,1095.22,0.118,1098.0,0.0069
101,1,1681268416200.0,1095.22,0.118,1097.99,0.8173
102,1,1681268416300.0,1095.22,0.118,1097.97,0.681
103,1,1681268416500.0,1095.22,0.118,1097.96,0.3553
104,1,1681268416700.0,1095.22,0.118,1097.95,0.37060000000000004
105,1,1681268416900.0,1095.22,0.118,1097.93,0.681
106,1,1681268417000.0,1095.22,0.118,1097.93,1.0516
107,1,1681268417100.0,1095.22,0.118,1097.92,0.3484
108,1,1681268417500.0,1095.22,0.118,1097.9,0.659
109,1,1681268417600.0,1095.22,0.118,1097.89,0.3564
110,1,1681268417700.0,1095.22,0.118,1097.89,0.3564
111,1,1681268417800.0,1095.22,0.118,1097.88,0.3626
112,1,1681268417900.0,1095.22,0.118,1097.86,0.549
113,1,1681268418000.0,1095.22,0.118,1097.86,0.9116
114,1,1681268418100.0,1095.22,0.118,1097.85,0.3607
115,1,1681268418200.0,1095.22,0.118,1097.84,0.35719999999999996
116,1,1681268418300.0,1095.22,0.118,1097.83,0.549
117,1,1681268418500.0,1095.22,0.118,1097.82,0.3607
118,1,1681268418600.0,1095.22,0.118,1097.81,0.3572
119,1,1681268418800.0,1095.22,0.118,1097.79,0.549
120,1,1681268418900.0,1095.22,0.118,1097.78,0.35719999999999996
121,1,1681268419000.0,1095.22,0.118,1097.77,0.3687
122,1,1681268419100.0,1095.22,0.118,1097.75,0.3572
123,1,1681268419200.0,1095.22,0.118,1097.73,0.549
124,1,1681268419300.0,1095.22,0.118,1097.72,0.2156
125,1,1681268419400.0,1095.22,0.118,1097.72,0.3572
126,1,1681268419700.0,1095.22,0.118,1097.71,0.21910000000000002
127,1,1681268419800.0,1095.22,0.118,1097.7,0.2068
128,1,1681268419900.0,1095.22,0.118,1097.69,0.7761
129,1,1681268420000.0,1095.22,0.118,1097.68,0.2156
130,1,1681268420400.0,1095.22,0.118,1097.65,0.439
131,1,1681268420500.0,1095.22,0.118,1097.65,0.6458
132,1,1681268421000.0,1095.22,0.118,1097.64,0.0042
133,1,1681268421200.0,1095.22,0.118,1097.63,0.2068
134,1,1681268421300.0,1095.22,0.118,1097.63,0.2068
135,1,1681268421500.0,1095.22,0.118,1097.61,0.439
136,1,1681268421700.0,1095.22,0.118,1097.6,0.22790000000000002
137,1,1681268421800.0,1095.22,0.118,1097.59,0.2148
138,1,1681268421900.0,1095.22,0.118,1097.57,0.439
139,1,1681268422000.0,1095.22,0.118,1097.56,0.2148
140,1,1681268422100.0,1095.22,0.118,1097.56,0.2148
141,1,1681268422400.0,1095.22,0.118,1097.55,0.2279
142,1,1681268422600.0,1095.22,0.118,1097.54,0.2068
143,1,1681268422700.0,1095.22,0.118,1097.53,0.549
144,1,1681268422800.0,1095.22,0.118,1097.52,1.0452
145,1,1681268423100.0,1095.22,0.118,1097.51,0.2148
146,1,1681268423900.0,1095.22,0.118,1097.49,0.549
147,1,1681268424000.0,1095.22,0.118,1097.49,0.549
148,1,1681268424200.0,1095.22,0.118,1097.48,0.2148
149,1,1681268424600.0,1095.22,0.118,1097.47,0.2279
150,1,1681268424700.0,1095.22,0.118,1097.45,0.439
151,1,1681268424800.0,1095.22,0.118,1097.45,0.439
152,1,1681268424900.0,1095.22,0.118,1097.43,0.21480000000000002
153,1,1681268425000.0,1095.22,0.118,1097.42,0.439
154,1,1681268425100.0,1095.22,0.118,1097.41,0.2279
155,1,1681268425200.0,1095.22,0.118,1097.4,0.2148
156,1,1681268425400.0,1095.22,0.118,1097.4,0.2148
157,1,1681268425500.0,1095.22,0.118,1097.38,0.439
158,1,1681268425600.0,1095.22,0.118,1097.37,0.2068
159,1,1681268425700.0,1095.22,0.118,1097.37,0.21480000000000002
160,1,1681268425800.0,1095.22,0.118,1097.35,0.439
161,1,1681268426000.0,1095.22,0.118,1097.34,0.2225
162,1,1681268426400.0,1095.22,0.118,1097.33,0.2068
163,1,1681268426500.0,1095.22,0.118,1097.31,0.439
164,1,1681268426600.0,1095.22,0.118,1097.31,0.439
165,1,1681268426700.0,1095.22,0.118,1097.3,0.0157
166,1,1681268426800.0,1095.22,0.118,1097.32,0.439
167,1,1681268426900.0,1095.22,0.118,1097.31,0.8173
168,1,1681268427000.0,1095.22,0.118,1097.31,0.8330000000000001
169,1,1681268427200.0,1095.22,1.1179999999999999,1097.29,0.439
170,1,1681268427500.0,1095.22,1.1179999999999999,1097.27,0.063
171,1,1681268427600.0,1095.22,1.1179999999999999,1097.25,0.329
172,1,1681268427800.0,1095.22,1.1179999999999999,1097.24,0.0157
173,1,1681268428000.0,1095.22,1.1179999999999999,1097.24,0.012299999999999998
174,1,1681268428100.0,1095.22,1.1179999999999999,1097.23,0.2068
175,1,1681268428200.0,1095.22,1.1179999999999999,1097.23,0.2068
176,1,1681268428400.0,1095.22,1.1179999999999999,1097.22,0.008
177,1,1681268428500.0,1095.23,0.0756,1097.2,0.21910000000000002
178,1,1681268428700.0,1095.23,0.0756,1097.17,0.2191
179,1,1681268428800.0,1095.23,0.0756,1097.17,0.2191
180,1,1681268429000.0,1095.23,0.0756,1097.15,0.219
181,1,1681268429100.0,1095.23,0.0756,1097.15,0.219
182,1,1681268429400.0,1095.23,0.0756,1097.14,0.008
183,1,1681268429500.0,1095.23,0.0756,1097.14,0.0142
184,1,1681268429700.0,1095.23,0.0756,1097.12,0.0088
185,1,1681268429800.0,1095.23,0.0756,1097.1,0.0134
186,1,1681268429900.0,1095.23,0.0756,1097.1,0.0134
187,1,1681268430000.0,1095.24,0.169,1097.1,0.0134
188,1,1681268430200.0,1095.24,0.169,1097.1,0.0134
189,1,1681268430500.0,1095.24,0.169,1097.12,0.0134
190,1,1681268431000.0,1095.24,0.169,1097.12,0.0211
191,1,1681268431200.0,1095.24,0.169,1097.12,0.0211
192,1,1681268431600.0,1095.24,0.169,1097.12,0.013400000000000002
193,1,1681268431700.0,1095.24,0.169,1097.12,0.021100000000000004
194,1,1681268432000.0,1095.24,0.169,1097.12,0.013400000000000006
195,1,1681268432100.0,1095.24,0.169,1097.11,0.8173
196,1,1681268432300.0,1095.24,0.169,1097.11,0.8173
197,1,1681268432500.0,1095.24,0.169,1097.1,0.0069
198,1,1681268432600.0,1095.24,0.169,1097.1,0.0157
199,1,1681268432700.0,1095.24,0.169,1097.1,0.013400000000000002
200,1,1681268432800.0,1095.24,0.169,1097.1,0.0211
201,1,1681268432900.0,1095.24,0.169,1097.1,0.013400000000000002
202,1,1681268433000.0,1095.24,0.169,1097.1,0.012300000000000002
203,1,1681268433100.0,1095.24,0.169,1097.1,0.013400000000000002
204,1,1681268433300.0,1095.24,0.169,1097.1,0.0211
205,1,1681268433500.0,1095.24,0.169,1097.1,0.005400000000000002
206,1,1681268433600.0,1095.24,0.169,1097.1,0.013400000000000002
207,1,1681268433700.0,1095.24,0.169,1097.1,0.0211
208,1,1681268433800.0,1095.24,0.169,1097.1,0.013400000000000002
209,1,1681268433900.0,1095.24,0.169,1097.1,0.0291
210,1,1681268434000.0,1095.24,0.169,1097.1,0.013400000000000002
211,1,1681268434100.0,1095.25,0.0227,1097.1,0.013400000000000002
212,1,1681268434200.0,1095.26,0.0756,1097.1,0.013400000000000002
213,1,1681268434300.0,1095.29,0.0227,1097.1,0.013400000000000002
214,1,1681268434400.0,1095.29,0.0227,1097.1,0.0211
215,1,1681268434500.0,1095.29,0.0227,1097.09,0.0054
216,1,1681268434600.0,1095.29,0.0227,1097.09,0.0054
217,1,1681268434700.0,1095.29,0.0227,1097.71,0.2067
218,1,1681268434800.0,1095.29,0.0227,1097.7,0.2147
219,1,1681268435000.0,1095.29,0.0227,1097.69,0.2278
220,1,1681268435200.0,1095.29,0.0227,1097.68,0.2147
221,1,1681268435300.0,1095.29,0.0227,1097.67,0.2278
222,1,1681268435400.0,1095.29,0.0227,1097.67,0.22010000000000002
223,1,1681268435700.0,1095.29,0.0227,1097.66,0.2155
224,1,1681268435900.0,1095.29,0.0227,1097.65,0.21209999999999998
225,1,1681268436100.0,1095.29,0.0227,1097.64,0.2235
226,1,1681268436200.0,1095.29,0.0227,1097.63,0.2121
227,1,1681268436500.0,1095.29,0.0227,1097.63,0.2121
228,1,1681268436600.0,1095.29,0.0227,1097.62,0.23040000000000002
229,1,1681268436700.0,1095.29,0.0227,1097.61,0.21209999999999998
230,1,1681268436800.0,1095.32,0.169,1097.6,0.2224
231,1,1681268436900.0,1095.32,0.169,1097.59,0.21209999999999998
232,1,1681268437000.0,1095.32,0.169,1097.58,0.2304
233,1,1681268437100.0,1095.32,0.169,1097.57,0.2121
234,1,1681268437200.0,1095.32,0.169,1097.57,0.2121
235,1,1681268437300.0,1095.32,0.169,1097.57,0.2121
236,1,1681268437400.0,1095.32,0.169,1097.56,0.0237
237,1,1681268437500.0,1095.32,0.169,1097.55,0.2121
238,1,1681268437600.0,1095.32,0.169,1097.54,0.2216
239,1,1681268437700.0,1095.32,0.169,1097.53,0.21209999999999998
240,1,1681268437900.0,1095.32,0.169,1097.52,0.2304
241,1,1681268438000.0,1095.31,0.0227,1097.51,0.2121
242,1,1681268438100.0,1095.32,0.169,1097.51,0.2278
243,1,1681268438300.0,1095.32,0.169,1097.51,0.2278
244,1,1681268438400.0,1095.32,0.169,1097.5,0.008
245,1,1681268438500.0,1095.32,0.169,1097.5,0.2147
246,1,1681268438700.0,1095.32,0.169,1097.49,0.8173
247,1,1681268438800.0,1095.32,0.169,1097.49,0.8173
248,1,1681268438900.0,1095.32,0.169,1097.48,0.2278
249,1,1681268439100.0,1095.32,0.169,1097.47,0.008
250,1,1681268439200.0,1095.32,0.169,1097.47,0.2147
251,1,1681268439300.0,1095.32,0.169,1097.47,0.2147
252,1,1681268439400.0,1095.32,0.169,1097.47,0.2147
253,1,1681268439500.0,1095.32,0.169,1097.47,0.2147
254,1,1681268439700.0,1095.32,0.169,1097.46,0.2067
255,1,1681268439800.0,1095.32,0.169,1097.46,0.2067
256,1,1681268439900.0,1095.32,0.169,1097.46,0.2278
257,1,1681268440000.0,1095.32,0.169,1097.45,0.008
258,1,1681268440300.0,1095.32,0.169,1097.45,0.0054
259,1,1681268440500.0,1095.32,0.169,1097.45,0.0134
260,1,1681268440600.0,1095.31,0.0227,1097.45,0.0054
261,1,1681268440700.0,1095.31,0.0227,1097.45,0.0134
262,1,1681268440800.0,1095.31,0.0227,1097.45,0.0054
263,1,1681268440900.0,1095.32,0.169,1097.44,0.8173
264,1,1681268441000.0,1095.33,0.0756,1097.43,0.0157
265,1,1681268441100.0,1095.33,0.0756,1097.43,0.0157
266,1,1681268441200.0,1095.33,0.0756,1097.42,0.2067
267,1,1681268441300.0,1095.33,0.0756,1097.42,0.2067
268,1,1681268441400.0,1095.33,0.0756,1097.4,0.249
269,1,1681268441500.0,1095.33,0.0756,1097.4,0.249
270,1,1681268441600.0,1095.33,0.0756,1097.39,0.3483
271,1,1681268441700.0,1095.33,0.0756,1097.39,0.3483
272,1,1681268441800.0,1095.33,0.0756,1097.38,0.364
273,1,1681268441900.0,1095.33,0.0756,1097.37,0.388
274,1,1681268442000.0,1095.33,0.0756,1097.37,0.388
275,1,1681268442100.0,1095.33,0.0756,1097.37,0.388
276,1,1681268442200.0,1095.33,0.0756,1097.37,0.388
277,1,1681268442300.0,1095.33,0.0756,1097.36,0.2067
278,1,1681268442400.0,1095.33,0.0756,1097.34,0.681
279,1,1681268442500.0,1095.33,0.0756,1097.34,0.681
280,1,1681268442600.0,1095.33,0.0756,1097.34,0.681
281,1,1681268442800.0,1095.33,0.0756,1097.33,0.3617
282,1,1681268443000.0,1095.33,0.0756,1097.32,0.364
283,1,1681268443300.0,1095.33,0.0756,1097.3,0.681
284,1,1681268443500.0,1095.33,0.0756,1097.29,0.364
285,1,1681268443600.0,1095.33,0.0756,1097.28,0.2201
286,1,1681268443700.0,1095.33,0.0756,1097.27,0.579
287,1,1681268443800.0,1095.33,0.0756,1097.26,0.364
288,1,1681268443900.0,1095.33,0.0756,1097.25,0.3537
289,1,1681268444000.0,1095.33,0.0756,1097.11,0.579
290,1,1681268444400.0,1095.33,0.0756,1097.1,0.36250000000000004
291,1,1681268444500.0,1095.33,0.0756,1097.09,0.8173
292,1,1681268444600.0,1095.33,0.0756,1097.07,0.469
293,1,1681268444700.0,1095.33,0.0756,1097.06,0.3625
294,1,1681268444900.0,1095.33,0.0756,1097.05,0.3552
295,1,1681268445000.0,1095.33,0.0756,1097.03,0.469
296,1,1681268445100.0,1095.33,0.0756,1097.03,0.469
297,1,1681268445300.0,1095.33,0.0756,1097.02,0.2067
298,1,1681268445400.0,1095.33,0.0756,1097.02,0.35519999999999996
299,1,1681268445500.0,1095.33,0.0756,1097.01,0.3705
300,1,1681268445700.0,1095.33,0.0756,1096.99,0.469
301,1,1681268445800.0,1095.33,0.0756,1096.99,0.469
302,1,1681268445900.0,1095.33,0.0756,1096.99,0.469
303,1,1681268446100.0,1095.33,0.0756,1096.98,0.22890000000000002
304,1,1681268446200.0,1095.33,0.0756,1096.98,0.22890000000000002
305,1,1681268446300.0,1095.33,0.0756,1096.98,0.22890000000000002
306,1,1681268446400.0,1095.33,0.0756,1096.98,0.22890000000000002
307,1,1681268446500.0,1095.33,0.0756,1096.98,0.22890000000000002
308,1,1681268446600.0,1095.33,0.0756,1096.98,0.22890000000000002
309,1,1681268446700.0,1095.33,0.0756,1096.97,0.21359999999999998
310,1,1681268446900.0,1095.22,0.9999999999999999,1096.97,0.21359999999999998
311,1,1681268447000.0,1095.22,0.9999999999999999,1096.97,0.21359999999999998
312,1,1681268447100.0,1095.22,0.9999999999999999,1096.97,0.21359999999999998
313,1,1681268447300.0,1095.22,0.9999999999999999,1096.96,0.2289
314,1,1681268447500.0,1095.22,0.9999999999999999,1096.95,1.0309
315,1,1681268447700.0,1095.22,0.9999999999999999,1096.94,0.22890000000000002
316,1,1681268447900.0,1095.22,0.9999999999999999,1096.94,0.22890000000000002
317,1,1681268448000.0,1095.22,0.9999999999999999,1096.93,0.2136
318,1,1681268448100.0,1095.22,0.9999999999999999,1096.92,0.22890000000000002
319,1,1681268448200.0,1095.22,0.9999999999999999,1096.92,0.22890000000000002
320,1,1681268448300.0,1095.22,0.9999999999999999,1096.92,0.22890000000000002
321,1,1681268448400.0,1095.22,0.9999999999999999,1096.92,0.22890000000000002
322,1,1681268448500.0,1095.22,0.9999999999999999,1096.91,0.2067
323,1,1681268448600.0,1095.22,0.9999999999999999,1096.91,0.2067
324,1,1681268448700.0,1095.22,0.9999999999999999,1096.91,0.2067
325,1,1681268449100.0,1095.22,0.9999999999999999,1096.9,0.0069
326,1,1681268449200.0,1095.22,0.9999999999999999,1096.9,0.0069
327,1,1681268449300.0,1095.22,0.9999999999999999,1096.9,0.0069
328,1,1681268449400.0,1095.23,0.169,1096.9,0.0069
329,1,1681268449500.0,1095.23,0.169,1096.94,0.0142
330,1,1681268449600.0,1095.23,0.169,1096.94,0.0203
331,1,1681268449700.0,1095.23,0.169,1096.94,0.0203
332,1,1681268449800.0,1095.23,0.169,1096.93,0.8173
333,1,1681268449900.0,1095.22,0.9999999999999999,1096.92,0.0149
334,1,1681268450000.0,1095.22,0.9999999999999999,1096.92,0.0142
335,1,1681268450100.0,1095.22,0.9999999999999999,1096.92,0.0142
336,1,1681268450200.0,1095.22,0.9999999999999999,1096.92,0.0222
337,1,1681268450700.0,1095.22,0.9999999999999999,1096.92,0.0222
338,1,1681268450800.0,1095.22,0.9999999999999999,1096.92,0.0222
339,1,1681268451100.0,1095.22,0.9999999999999999,1096.92,0.0222
340,1,1681268451500.0,1095.22,0.9999999999999999,1096.92,0.012300000000000002
341,1,1681268451600.0,1095.22,0.9999999999999999,1096.92,0.012300000000000002
342,1,1681268451700.0,1095.22,0.9999999999999999,1096.91,0.8173
343,1,1681268451900.0,1095.22,0.9999999999999999,1096.9,0.0168
344,1,1681268452100.0,1095.22,0.9999999999999999,1096.9,0.012299999999999998
345,1,1681268452400.0,1095.22,0.9999999999999999,1096.9,0.022199999999999998
346,1,1681268452500.0,1095.22,0.9999999999999999,1096.9,0.012299999999999997
347,1,1681268452600.0,1095.22,0.9999999999999999,1096.9,0.022199999999999994
348,1,1681268452700.0,1095.22,0.9999999999999999,1096.9,0.012299999999999995
349,1,1681268452800.0,1095.22,0.9999999999999999,1096.9,0.022199999999999994
350,1,1681268452900.0,1095.22,0.9999999999999999,1096.9,0.012299999999999995
351,1,1681268453000.0,1095.22,0.9999999999999999,1096.9,0.022199999999999994
352,1,1681268453100.0,1095.22,0.9999999999999999,1096.9,0.012299999999999995
353,1,1681268453500.0,1095.22,0.9999999999999999,1096.9,0.012299999999999995
354,1,1681268453700.0,1095.22,0.9999999999999999,1096.9,0.012299999999999995
355,1,1681268453800.0,1095.22,0.9999999999999999,1096.89,0.8173
356,1,1681268454300.0,1095.22,0.9999999999999999,1096.89,0.8173
357,1,1681268454600.0,1095.22,0.9999999999999999,1096.88,0.0069
358,1,1681268454800.0,1095.22,0.9999999999999999,1096.88,0.0222
359,1,1681268455000.0,1095.22,0.9999999999999999,1096.88,0.0222
360,1,1681268455100.0,1095.22,0.9999999999999999,1096.88,0.0291
361,1,1681268455400.0,1095.22,0.9999999999999999,1096.88,0.0222
362,1,1681268455500.0,1095.22,0.9999999999999999,1096.88,0.0291
363,1,1681268455600.0,1095.22,0.9999999999999999,1096.88,0.236
364,1,1681268455700.0,1095.22,0.9999999999999999,1096.88,0.2291
365,1,1681268455800.0,1095.22,0.9999999999999999,1096.86,0.8173
366,1,1681268455900.0,1095.22,0.9999999999999999,1096.86,1.0242
367,1,1681268456000.0,1095.22,0.9999999999999999,1096.86,1.0242
368,1,1681268456100.0,1095.22,0.9999999999999999,1096.85,0.46280000000000004
369,1,1681268456200.0,1095.22,0.9999999999999999,1096.85,0.6127
370,1,1681268456300.0,1095.22,0.9999999999999999,1096.84,0.371
371,1,1681268456400.0,1095.22,0.9999999999999999,1096.84,0.371
372,1,1681268456500.0,1095.22,0.9999999999999999,1096.84,0.371
373,1,1681268456600.0,1095.22,0.9999999999999999,1096.83,0.3568
374,1,1681268456700.0,1095.22,0.9999999999999999,1096.83,0.3568
375,1,1681268456800.0,1095.22,0.9999999999999999,1096.81,0.3779
376,1,1681268457000.0,1095.22,0.9999999999999999,1096.8,0.2069
377,1,1681268457100.0,1095.22,0.9999999999999999,1096.79,0.47
378,1,1681268457200.0,1095.22,0.9999999999999999,1096.78,0.8173
379,1,1681268457400.0,1095.22,0.9999999999999999,1096.77,0.236
380,1,1681268457500.0,1095.22,0.9999999999999999,1096.76,0.6769
381,1,1681268457700.0,1095.22,0.9999999999999999,1096.75,0.706
382,1,1681268457800.0,1095.22,0.9999999999999999,1096.74,0.2069
383,1,1681268458200.0,1095.22,0.9999999999999999,1096.74,0.2069
384,1,1681268458400.0,1095.22,0.9999999999999999,1096.73,0.0291
385,1,1681268458500.0,1095.22,0.9999999999999999,1096.72,0.47
386,1,1681268458600.0,1095.22,0.9999999999999999,1096.71,0.2069
387,1,1681268458800.0,1095.22,0.9999999999999999,1096.7,0.0291
388,1,1681268458900.0,1095.22,0.9999999999999999,1096.69,0.2069
389,1,1681268459000.0,1095.22,0.9999999999999999,1096.67,0.2306
390,1,1681268459100.0,1095.22,0.9999999999999999,1096.66,0.2123
391,1,1681268459200.0,1095.22,0.9999999999999999,1096.65,0.36
392,1,1681268459300.0,1095.22,0.9999999999999999,1096.65,0.3837
393,1,1681268459400.0,1095.22,0.9999999999999999,1096.65,0.5906
394,1,1681268459600.0,1095.22,0.9999999999999999,1096.64,0.0054
395,1,1681268459700.0,1095.22,0.9999999999999999,1096.64,0.0291
396,1,1681268459800.0,1095.22,0.9999999999999999,1096.64,0.005400000000000002
397,1,1681268460000.0,1095.22,0.9999999999999999,1096.64,0.0291
398,1,1681268460100.0,1095.22,0.9999999999999999,1096.64,0.2122
399,1,1681268460200.0,1095.22,0.9999999999999999,1096.63,0.0237
400,1,1681268460300.0,1095.22,0.9999999999999999,1096.62,0.36
401,1,1681268460500.0,1095.22,0.9999999999999999,1096.62,0.5668
402,1,1681268460600.0,1095.22,0.9999999999999999,1096.61,0.0054
403,1,1681268460700.0,1095.22,0.9999999999999999,1096.61,0.0291
404,1,1681268460800.0,1095.22,0.9999999999999999,1096.61,0.005400000000000002
405,1,1681268460900.0,1095.22,0.9999999999999999,1096.61,0.005400000000000002
406,1,1681268461000.0,1095.22,0.9999999999999999,1096.61,0.005400000000000002
407,1,1681268461100.0,1095.22,0.9999999999999999,1096.61,0.005400000000000002
408,1,1681268461400.0,1095.22,0.9999999999999999,1096.61,0.0291
409,1,1681268461500.0,1095.22,0.9999999999999999,1096.61,0.0291
410,1,1681268461800.0,1095.22,0.9999999999999999,1096.61,0.0291
411,1,1681268462000.0,1095.22,0.9999999999999999,1096.6,0.8173
412,1,1681268462100.0,1095.22,0.9999999999999999,1096.6,0.8173
413,1,1681268462200.0,1095.22,0.9999999999999999,1096.6,0.8173
414,1,1681268462300.0,1095.22,0.9999999999999999,1096.6,0.8173
415,1,1681268462500.0,1095.22,0.9999999999999999,1096.6,0.8173
416,1,1681268462700.0,1095.22,0.9999999999999999,1096.6,0.8173
417,1,1681268462800.0,1095.22,0.9999999999999999,1096.6,0.8173
418,1,1681268463000.0,1095.22,0.9999999999999999,1096.59,0.2305
419,1,1681268463100.0,1095.22,0.9999999999999999,1096.58,0.2122
420,1,1681268463300.0,1095.22,0.9999999999999999,1096.58,0.2122
421,1,1681268463500.0,1095.22,0.9999999999999999,1096.57,0.23049999999999998
422,1,1681268463600.0,1095.22,0.9999999999999999,1096.56,0.2122
423,1,1681268463700.0,1095.22,0.9999999999999999,1096.55,0.2137
424,1,1681268463900.0,1095.22,0.9999999999999999,1096.54,0.229
425,1,1681268464000.0,1095.22,0.9999999999999999,1096.53,0.2137
426,1,1681268464100.0,1095.22,0.9999999999999999,1096.52,0.0222
427,1,1681268464200.0,1095.22,0.9999999999999999,1096.52,0.0123
428,1,1681268464400.0,1095.22,0.9999999999999999,1096.52,0.0222
429,1,1681268464500.0,1095.22,0.9999999999999999,1096.52,0.0123
430,1,1681268464600.0,1095.22,0.9999999999999999,1096.52,0.0222
431,1,1681268464700.0,1095.22,0.9999999999999999,1096.52,0.0222
432,1,1681268464900.0,1095.22,0.9999999999999999,1096.52,0.0222
433,1,1681268465100.0,1095.22,0.9999999999999999,1096.52,0.012300000000000002
434,1,1681268465200.0,1095.22,0.9999999999999999,1096.52,0.0222
435,1,1681268465300.0,1095.22,0.9999999999999999,1096.52,0.0291
436,1,1681268465400.0,1095.22,0.9999999999999999,1096.52,0.0211
437,1,1681268465500.0,1095.22,0.9999999999999999,1096.52,0.0222
438,1,1681268465600.0,1095.22,0.9999999999999999,1096.52,0.0142
439,1,1681268465800.0,1095.22,0.9999999999999999,1096.51,0.8173
440,1,1681268466000.0,1095.22,0.9999999999999999,1096.51,0.8173
441,1,1681268466200.0,1095.22,0.9999999999999999,1096.5,0.0222
442,1,1681268466500.0,1095.22,0.9999999999999999,1096.5,0.005400000000000002
443,1,1681268466600.0,1095.22,0.9999999999999999,1096.5,0.0291
444,1,1681268466700.0,1095.22,0.9999999999999999,1096.5,0.005400000000000002
445,1,1681268466800.0,1095.22,0.9999999999999999,1096.5,0.0291
446,1,1681268466900.0,1095.22,0.9999999999999999,1096.5,0.0291
447,1,1681268467000.0,1095.22,0.9999999999999999,1096.5,0.005400000000000002
448,1,1681268467100.0,1095.22,0.9999999999999999,1096.5,0.0237
449,1,1681268467200.0,1095.22,0.9999999999999999,1096.5,0.0237
450,1,1681268467400.0,1095.22,0.9999999999999999,1096.5,0.005400000000000002
451,1,1681268467500.0,1095.22,0.9999999999999999,1096.5,0.0291
452,1,1681268467600.0,1095.22,0.9999999999999999,1096.5,0.005400000000000002
453,1,1681268467800.0,1095.22,0.9999999999999999,1096.5,0.0222
454,1,1681268467900.0,1095.22,0.9999999999999999,1096.5,0.005400000000000002
455,1,1681268468000.0,1095.22,0.9999999999999999,1096.5,0.0222
456,1,1681268468100.0,1095.22,0.9999999999999999,1096.5,0.005400000000000002
457,1,1681268468300.0,1095.22,0.9999999999999999,1096.5,0.005400000000000002
458,1,1681268468700.0,1095.22,0.9999999999999999,1096.5,0.013400000000000002
459,1,1681268468800.0,1095.22,0.9999999999999999,1096.49,0.8173
460,1,1681268468900.0,1095.22,0.9999999999999999,1096.49,0.8173
461,1,1681268469000.0,1095.22,0.9999999999999999,1096.48,0.0168
462,1,1681268469100.0,1095.22,0.9999999999999999,1096.48,0.0291
463,1,1681268469200.0,1095.22,0.9999999999999999,1096.48,0.012300000000000002
464,1,1681268469400.0,1095.22,0.9999999999999999,1096.48,0.0291
465,1,1681268469500.0,1095.22,0.9999999999999999,1096.48,0.012300000000000002
466,1,1681268469700.0,1095.22,0.9999999999999999,1096.48,0.0222
467,1,1681268470100.0,1095.22,0.9999999999999999,1096.48,0.0222
468,1,1681268470300.0,1095.22,0.9999999999999999,1096.48,0.0123
469,1,1681268470500.0,1095.22,0.9999999999999999,1096.48,0.0123
470,1,1681268470700.0,1095.22,0.9999999999999999,1096.48,0.0123
471,1,1681268470800.0,1095.22,0.9999999999999999,1096.48,0.0123
472,1,1681268470900.0,1095.22,0.9999999999999999,1096.48,0.0123
473,1,1681268471000.0,1095.22,0.9999999999999999,1096.48,0.0123
474,1,1681268471100.0,1095.22,0.9999999999999999,1096.9,0.0168
475,1,1681268471200.0,1095.22,0.9999999999999999,1096.89,0.439
476,1,1681268471300.0,1095.22,0.9999999999999999,1096.89,0.439
477,1,1681268471400.0,1095.22,0.9999999999999999,1096.89,0.439
478,1,1681268471500.0,1095.22,0.9999999999999999,1096.88,0.3689
479,1,1681268471600.0,1095.22,0.9999999999999999,1096.87,0.22360000000000002
480,1,1681268471700.0,1095.22,0.9999999999999999,1096.86,0.2191
481,1,1681268471800.0,1095.22,0.9999999999999999,1096.84,0.22360000000000002
482,1,1681268472000.0,1095.22,0.9999999999999999,1096.83,0.2191
483,1,1681268472100.0,1095.22,0.9999999999999999,1096.81,0.329
484,1,1681268472500.0,1095.22,0.9999999999999999,1096.8,0.2137
485,1,1681268472600.0,1095.22,0.9999999999999999,1096.79,0.22360000000000002
486,1,1681268472700.0,1095.22,0.9999999999999999,1096.77,0.329
487,1,1681268472800.0,1095.22,0.9999999999999999,1096.76,0.2156
488,1,1681268472900.0,1095.22,0.9999999999999999,1096.75,1.0364
489,1,1681268473000.0,1095.22,0.9999999999999999,1096.74,0.329
490,1,1681268473100.0,1095.22,0.9999999999999999,1096.73,0.2156
491,1,1681268473200.0,1095.22,0.9999999999999999,1096.71,0.329
492,1,1681268473300.0,1095.22,0.9999999999999999,1096.71,0.5446
493,1,1681268473600.0,1095.22,0.9999999999999999,1096.7,0.2191
494,1,1681268473800.0,1095.22,0.9999999999999999,1096.69,0.22360000000000002
495,1,1681268473900.0,1095.22,0.9999999999999999,1096.69,0.22360000000000002
496,1,1681268474000.0,1095.22,0.9999999999999999,1096.67,0.219
497,1,1681268474100.0,1095.22,0.9999999999999999,1096.66,0.2236
498,1,1681268474200.0,1095.22,0.9999999999999999,1096.64,0.219
499,1,1681268474500.0,1095.22,0.9999999999999999,1096.63,0.22360000000000002
500,1,1681268474700.0,1095.22,0.9999999999999999,1096.62,0.2191
501,1,1681268474800.0,1095.22,0.9999999999999999,1096.62,0.2191
502,1,1681268474900.0,1095.22,0.9999999999999999,1096.6,0.219
503,1,1681268475000.0,1095.22,0.9999999999999999,1096.59,0.0123
504,1,1681268475100.0,1095.22,0.9999999999999999,1096.59,0.0291
505,1,1681268475200.0,1095.22,0.9999999999999999,1096.59,0.0222
506,1,1681268475300.0,1095.22,0.9999999999999999,1096.59,0.0222
507,1,1681268475400.0,1095.22,0.9999999999999999,1096.58,0.8173
508,1,1681268475500.0,1095.22,0.9999999999999999,1096.57,0.0168
509,1,1681268475600.0,1095.22,0.9999999999999999,1096.57,0.014899999999999998
510,1,1681268475700.0,1095.22,0.9999999999999999,1096.57,0.012299999999999998
511,1,1681268475800.0,1095.22,0.9999999999999999,1096.57,0.012299999999999998
512,1,1681268475900.0,1095.22,0.9999999999999999,1096.57,0.012299999999999998
513,1,1681268476000.0,1095.22,0.9999999999999999,1096.57,0.022199999999999998
514,1,1681268476100.0,1095.22,0.9999999999999999,1096.57,0.012299999999999998
515,1,1681268476400.0,1095.22,0.9999999999999999,1096.57,0.022199999999999998
516,1,1681268476500.0,1095.22,0.9999999999999999,1096.57,0.012299999999999998
517,1,1681268476600.0,1095.22,0.9999999999999999,1096.57,0.012299999999999998
518,1,1681268476700.0,1095.22,0.9999999999999999,1096.57,0.022199999999999998
519,1,1681268476800.0,1095.22,0.9999999999999999,1096.57,0.012299999999999998
520,1,1681268476900.0,1095.22,0.9999999999999999,1096.57,0.029099999999999997
521,1,1681268477000.0,1095.22,0.9999999999999999,1096.57,0.012299999999999998
522,1,1681268477500.0,1095.22,0.9999999999999999,1096.56,0.8173
523,1,1681268477600.0,1095.22,0.9999999999999999,1096.55,0.0069
524,1,1681268477700.0,1095.22,0.9999999999999999,1096.55,0.0291
525,1,1681268477800.0,1095.22,0.9999999999999999,1096.55,0.0222
526,1,1681268477900.0,1095.22,0.9999999999999999,1096.55,0.012300000000000002
527,1,1681268478000.0,1095.22,0.9999999999999999,1096.55,0.0222
528,1,1681268478200.0,1095.22,0.9999999999999999,1096.55,0.0222
529,1,1681268478700.0,1095.22,0.9999999999999999,1096.55,0.0222
530,1,1681268479000.0,1095.22,0.9999999999999999,1096.55,0.0222
531,1,1681268479500.0,1095.22,0.9999999999999999,1096.55,0.0222
532,1,1681268479600.0,1095.22,0.9999999999999999,1096.55,0.0222
533,1,1681268479700.0,1095.22,0.9999999999999999,1096.54,0.8173
534,1,1681268479800.0,1095.22,0.9999999999999999,1096.53,0.0142
535,1,1681268479900.0,1095.22,0.9999999999999999,1096.53,0.0123
536,1,1681268480100.0,1095.22,0.9999999999999999,1096.53,0.0142
537,1,1681268480400.0,1095.22,0.9999999999999999,1096.53,0.0142
538,1,1681268480500.0,1095.22,0.9999999999999999,1096.53,0.0123
539,1,1681268480700.0,1095.22,0.9999999999999999,1096.53,0.0142
540,1,1681268480800.0,1095.22,0.9999999999999999,1096.53,0.0142
541,1,1681268480900.0,1095.22,0.9999999999999999,1096.53,0.0203
542,1,1681268481000.0,1095.22,0.9999999999999999,1096.53,0.014199999999999999
543,1,1681268481100.0,1095.22,0.9999999999999999,1096.53,0.0203
544,1,1681268481400.0,1095.22,0.9999999999999999,1096.53,0.0291
545,1,1681268481500.0,1095.22,0.9999999999999999,1096.53,0.0134
546,1,1681268481600.0,1095.22,0.9999999999999999,1096.53,0.0203
547,1,1681268481700.0,1095.22,0.9999999999999999,1096.52,0.8173
548,1,1681268481800.0,1095.22,0.9999999999999999,1096.52,0.8173
549,1,1681268481900.0,1095.22,0.9999999999999999,1096.51,0.0088
550,1,1681268482100.0,1095.22,0.9999999999999999,1096.51,0.014200000000000003
551,1,1681268482400.0,1095.22,0.9999999999999999,1096.51,0.0203
552,1,1681268482500.0,1095.22,0.9999999999999999,1096.51,0.0142
553,1,1681268482700.0,1095.22,0.9999999999999999,1096.51,0.0291
554,1,1681268482800.0,1095.22,0.9999999999999999,1096.51,0.0203
555,1,1681268483000.0,1095.22,0.9999999999999999,1096.51,0.0142
556,1,1681268483100.0,1095.22,0.9999999999999999,1096.51,0.0203
557,1,1681268483400.0,1095.22,0.9999999999999999,1096.51,0.0142
558,1,1681268483500.0,1095.22,0.9999999999999999,1096.51,0.0203
559,1,1681268483600.0,1095.22,0.9999999999999999,1096.51,0.0142
560,1,1681268483800.0,1095.22,0.9999999999999999,1096.5,0.8173
561,1,1681268483900.0,1095.22,0.9999999999999999,1096.49,0.0088
562,1,1681268484000.0,1095.22,0.9999999999999999,1096.49,0.0203
563,1,1681268484400.0,1095.22,0.9999999999999999,1096.49,0.0142
564,1,1681268484500.0,1095.22,0.9999999999999999,1096.49,0.0203
565,1,1681268484600.0,1095.22,0.9999999999999999,1096.49,0.0142
566,1,1681268484700.0,1095.22,0.9999999999999999,1096.49,0.0203
567,1,1681268484900.0,1095.22,0.9999999999999999,1096.49,0.013399999999999999
568,1,1681268485000.0,1095.22,0.9999999999999999,1096.49,0.0203
569,1,1681268485100.0,1095.22,0.9999999999999999,1096.49,0.013399999999999999
570,1,1681268485300.0,1095.22,0.9999999999999999,1096.49,0.0203
571,1,1681268485500.0,1095.22,0.9999999999999999,1096.49,0.013399999999999999
572,1,1681268485700.0,1095.22,0.9999999999999999,1096.49,0.0203
573,1,1681268485900.0,1095.22,0.9999999999999999,1096.49,0.0142
574,1,1681268486000.0,1095.22,0.9999999999999999,1096.49,0.0203
575,1,1681268486100.0,1095.22,0.9999999999999999,1096.48,0.8173
576,1,1681268486200.0,1095.22,0.9999999999999999,1096.48,0.8173
577,1,1681268486300.0,1095.22,0.9999999999999999,1096.47,0.0149
578,1,1681268486400.0,1095.22,0.9999999999999999,1096.47,0.0149
579,1,1681268486500.0,1095.22,0.9999999999999999,1096.47,0.0149
580,1,1681268486600.0,1095.22,0.9999999999999999,1096.47,0.0142
581,1,1681268487100.0,1095.22,0.9999999999999999,1096.47,0.0203
582,1,1681268487400.0,1095.22,0.9999999999999999,1096.47,0.0203
583,1,1681268488100.0,1095.22,0.9999999999999999,1096.47,0.0142
584,1,1681268488200.0,1095.22,0.9999999999999999,1096.47,0.0203
585,1,1681268488400.0,1095.22,0.9999999999999999,1096.47,0.0203
586,1,1681268488500.0,1095.22,0.9999999999999999,1096.69,0.329
587,1,1681268488700.0,1095.22,0.9999999999999999,1096.68,0.0203
588,1,1681268488800.0,1095.22,0.9999999999999999,1096.68,0.0142
589,1,1681268488900.0,1095.22,0.9999999999999999,1096.68,0.0203
590,1,1681268489000.0,1095.22,0.9999999999999999,1096.68,0.0142
591,1,1681268489500.0,1095.22,0.9999999999999999,1096.68,0.0203
592,1,1681268489700.0,1095.22,0.9999999999999999,1096.68,0.0142
593,1,1681268490200.0,1095.22,0.9999999999999999,1096.68,0.0142
594,1,1681268490300.0,1095.22,0.9999999999999999,1096.68,0.0142
595,1,1681268490400.0,1095.22,0.9999999999999999,1096.68,0.0149
596,1,1681268490500.0,1095.22,0.9999999999999999,1096.68,0.0142
597,1,1681268490600.0,1095.22,0.9999999999999999,1096.68,0.0142
598,1,1681268490700.0,1095.22,0.9999999999999999,1096.68,0.0053999999999999986
599,1,1681268490800.0,1095.22,0.9999999999999999,1096.67,0.1499
600,1,1681268490900.0,1095.22,0.9999999999999999,1096.66,0.8173
601,1,1681268491000.0,1095.22,0.9999999999999999,1096.65,0.219
602,1,1681268491100.0,1095.22,0.9999999999999999,1096.63,0.2069
603,1,1681268491200.0,1095.22,0.9999999999999999,1096.63,0.2123
604,1,1681268491300.0,1095.22,0.9999999999999999,1096.62,0.219
605,1,1681268491400.0,1095.22,0.9999999999999999,1096.62,0.219
606,1,1681268491500.0,1095.22,0.9999999999999999,1096.62,0.219
607,1,1681268491600.0,1095.22,0.9999999999999999,1096.62,0.219
608,1,1681268491700.0,1095.22,0.9999999999999999,1096.61,0.2218
609,1,1681268491800.0,1095.22,0.9999999999999999,1096.6,0.2211
610,1,1681268491900.0,1095.22,0.9999999999999999,1096.59,0.219
611,1,1681268492000.0,1095.22,0.9999999999999999,1096.58,0.2218
612,1,1681268492100.0,1095.22,0.9999999999999999,1096.58,0.2218
613,1,1681268492500.0,1095.22,0.9999999999999999,1096.57,0.2211
614,1,1681268492600.0,1095.22,0.9999999999999999,1096.56,0.2218
615,1,1681268492700.0,1095.22,0.9999999999999999,1096.55,0.2211
616,1,1681268492800.0,1095.22,0.9999999999999999,1096.54,0.2218
617,1,1681268492900.0,1095.22,0.9999999999999999,1096.53,0.2211
618,1,1681268493100.0,1095.22,0.9999999999999999,1096.52,1.0391
619,1,1681268493600.0,1095.22,0.9999999999999999,1096.5,0.2218
620,1,1681268493800.0,1095.22,0.9999999999999999,1096.49,0.2211
621,1,1681268493900.0,1095.22,0.9999999999999999,1096.48,0.2138
622,1,1681268494000.0,1095.22,0.9999999999999999,1096.48,0.2218
623,1,1681268494200.0,1095.22,0.9999999999999999,1096.47,0.2211
624,1,1681268494400.0,1095.22,0.9999999999999999,1096.47,0.2211
625,1,1681268495100.0,1095.22,0.9999999999999999,1096.46,0.0149
626,1,1681268495200.0,1095.22,0.9999999999999999,1096.46,0.0149
627,1,1681268495700.0,1095.22,0.9999999999999999,1096.47,0.2068
628,1,1681268495900.0,1095.22,0.9999999999999999,1096.46,0.0149
629,1,1681268496100.0,1095.22,0.9999999999999999,1096.45,0.2068
630,1,1681268496300.0,1095.22,0.9999999999999999,1096.44,0.0149
631,1,1681268496500.0,1095.22,0.9999999999999999,1096.44,0.221
632,1,1681268496700.0,1095.22,0.9999999999999999,1096.43,0.0149
633,1,1681268496800.0,1095.22,0.9999999999999999,1096.43,0.0149
634,1,1681268496900.0,1095.22,0.9999999999999999,1096.43,0.0157
635,1,1681268497000.0,1095.22,0.9999999999999999,1096.43,0.014899999999999998
636,1,1681268497100.0,1095.22,0.9999999999999999,1096.43,0.2217
637,1,1681268497200.0,1095.22,0.9999999999999999,1096.43,0.2217
638,1,1681268497400.0,1095.22,0.9999999999999999,1096.42,0.0088
639,1,1681268497500.0,1095.22,0.9999999999999999,1096.42,0.0088
640,1,1681268497600.0,1095.22,0.9999999999999999,1096.42,0.008000000000000002
641,1,1681268497700.0,1095.22,0.9999999999999999,1096.42,0.008800000000000002
642,1,1681268497800.0,1095.22,0.9999999999999999,1096.42,0.013400000000000002
643,1,1681268498000.0,1095.22,0.9999999999999999,1096.42,0.020300000000000006
644,1,1681268498100.0,1095.22,0.9999999999999999,1096.41,0.2068
645,1,1681268498200.0,1095.22,0.9999999999999999,1096.41,0.2068
646,1,1681268498400.0,1095.22,0.9999999999999999,1096.4,0.0149
647,1,1681268498600.0,1095.22,0.9999999999999999,1096.39,0.8173
648,1,1681268498800.0,1095.22,0.9999999999999999,1096.38,0.0149
649,1,1681268498900.0,1095.22,0.9999999999999999,1096.38,0.0222
650,1,1681268499000.0,1095.22,0.9999999999999999,1096.38,0.0203
651,1,1681268499300.0,1095.22,0.9999999999999999,1096.38,0.0203
652,1,1681268499600.0,1095.22,0.9999999999999999,1096.38,0.0203
653,1,1681268499700.0,1095.22,0.9999999999999999,1096.38,0.016799999999999995
654,1,1681268499800.0,1095.22,0.9999999999999999,1096.38,0.02029999999999999
655,1,1681268499900.0,1095.22,0.9999999999999999,1096.38,0.014199999999999994
656,1,1681268500000.0,1095.22,0.9999999999999999,1096.38,0.02029999999999999
657,1,1681268500200.0,1095.22,0.9999999999999999,1096.38,0.029099999999999994
658,1,1681268500300.0,1095.22,0.9999999999999999,1096.38,0.02029999999999999
659,1,1681268500500.0,1095.22,0.9999999999999999,1096.38,0.014199999999999992
660,1,1681268500600.0,1095.22,0.9999999999999999,1096.38,0.014199999999999992
661,1,1681268500700.0,1095.22,0.9999999999999999,1096.37,0.8173
662,1,1681268500800.0,1095.22,0.9999999999999999,1096.37,0.8173
663,1,1681268500900.0,1095.22,0.9999999999999999,1096.36,0.0088
664,1,1681268501000.0,1095.22,0.9999999999999999,1096.36,0.0203
665,1,1681268501100.0,1095.22,0.9999999999999999,1096.36,0.0142
666,1,1681268501200.0,1095.22,0.9999999999999999,1096.36,0.0203
667,1,1681268501400.0,1095.22,0.9999999999999999,1096.36,0.0203
668,1,1681268501800.0,1095.22,0.9999999999999999,1096.36,0.0142
669,1,1681268501900.0,1095.22,0.9999999999999999,1096.36,0.0203
670,1,1681268502000.0,1095.22,0.9999999999999999,1096.36,0.0203
671,1,1681268502100.0,1095.22,0.9999999999999999,1096.36,0.0142
672,1,1681268502200.0,1095.22,0.9999999999999999,1096.36,0.0142
673,1,1681268502300.0,1095.22,0.9999999999999999,1096.36,0.0142
674,1,1681268502400.0,1095.22,0.9999999999999999,1096.36,0.0142
675,1,1681268502500.0,1095.22,0.9999999999999999,1096.36,0.0203
676,1,1681268502700.0,1095.22,0.9999999999999999,1096.36,0.0203
677,1,1681268502800.0,1095.22,0.9999999999999999,1096.36,0.0203
678,1,1681268502900.0,1095.22,0.9999999999999999,1096.36,0.0291
679,1,1681268503000.0,1095.22,0.9999999999999999,1096.36,0.0142
680,1,1681268503100.0,1095.22,0.9999999999999999,1096.35,0.8173
681,1,1681268503300.0,1095.22,0.9999999999999999,1096.35,0.8173
682,1,1681268503400.0,1095.22,0.9999999999999999,1096.35,0.8173
683,1,1681268504400.0,1095.22,0.9999999999999999,1096.34,0.0149
684,1,1681268504500.0,1095.22,0.9999999999999999,1096.34,0.0149
685,1,1681268504600.0,1095.22,0.9999999999999999,1096.34,0.0142
686,1,1681268504700.0,1095.22,0.9999999999999999,1096.34,0.0088
687,1,1681268504800.0,1095.22,0.9999999999999999,1096.67,0.0149
688,1,1681268504900.0,1095.22,0.9999999999999999,1096.67,0.0203
689,1,1681268505000.0,1095.22,0.9999999999999999,1096.66,0.221
690,1,1681268505100.0,1095.22,0.9999999999999999,1096.66,0.221
691,1,1681268505200.0,1095.22,0.9999999999999999,1096.66,0.221
692,1,1681268505300.0,1095.22,0.9999999999999999,1096.66,0.221
693,1,1681268505400.0,1095.22,0.9999999999999999,1096.66,0.221
694,1,1681268505500.0,1095.22,0.9999999999999999,1096.66,0.221
695,1,1681268505600.0,1095.22,0.9999999999999999,1096.66,0.221
696,1,1681268505700.0,1095.22,0.9999999999999999,1096.65,0.0203
697,1,1681268505800.0,1095.23,0.169,1096.67,0.0088
698,1,1681268505900.0,1095.23,0.169,1096.67,0.0088
699,1,1681268506000.0,1095.23,0.169,1096.67,0.0203
700,1,1681268506100.0,1095.23,0.169,1096.67,0.0203
701,1,1681268506200.0,1095.23,0.169,1096.67,0.0203
702,1,1681268506300.0,1095.23,0.169,1096.67,0.0203
703,1,1681268506400.0,1095.23,0.169,1096.67,0.0203
704,1,1681268506600.0,1095.23,0.169,1096.67,0.0142
705,1,1681268506900.0,1095.23,0.169,1096.67,0.0203
706,1,1681268507000.0,1095.23,0.169,1096.67,0.0142
707,1,1681268507300.0,1095.23,0.169,1096.67,0.0142
708,1,1681268507400.0,1095.23,0.169,1096.67,0.0203
709,1,1681268507500.0,1095.23,0.169,1096.67,0.0203
710,1,1681268507600.0,1095.23,0.169,1096.67,0.0142
711,1,1681268507700.0,1095.23,0.169,1096.67,0.0203
712,1,1681268507800.0,1095.24,0.0756,1096.67,0.0203
713,1,1681268507900.0,1095.24,0.0756,1096.67,0.0203
714,1,1681268508000.0,1095.25,0.169,1096.66,0.8173
715,1,1681268508200.0,1095.25,0.169,1096.66,0.8173
716,1,1681268508300.0,1095.25,0.169,1096.66,0.8173
717,1,1681268508600.0,1095.25,0.169,1096.66,0.8173
718,1,1681268508700.0,1095.25,0.169,1096.65,0.0203
719,1,1681268508800.0,1095.25,0.169,1096.65,0.014199999999999999
720,1,1681268509000.0,1095.25,0.169,1096.65,0.0203
721,1,1681268509200.0,1095.25,0.169,1096.65,0.014199999999999999
722,1,1681268509300.0,1095.25,0.169,1096.65,0.0203
723,1,1681268509500.0,1095.25,0.169,1096.65,0.0203
724,1,1681268509600.0,1095.25,0.169,1096.65,0.0203
725,1,1681268509700.0,1095.25,0.169,1096.65,0.0142
726,1,1681268509800.0,1095.25,0.169,1096.65,0.0203
727,1,1681268509900.0,1095.24,0.0756,1096.64,0.8173
728,1,1681268510400.0,1095.24,0.0756,1096.63,0.0088
729,1,1681268510800.0,1095.24,0.0756,1096.63,0.0088
730,1,1681268510900.0,1095.24,0.0756,1096.63,0.0088
731,1,1681268511200.0,1095.24,0.0756,1096.63,0.0203
732,1,1681268511300.0,1095.24,0.0756,1096.63,0.0203
733,1,1681268511400.0,1095.24,0.0756,1096.63,0.0203
734,1,1681268511800.0,1095.24,0.0756,1096.63,0.014199999999999999
735,1,1681268512000.0,1095.24,0.0756,1096.63,0.0203
736,1,1681268512100.0,1095.24,0.0756,1096.63,0.0142
737,1,1681268512300.0,1095.24,0.0756,1096.62,0.8173
738,1,1681268512400.0,1095.24,0.0756,1096.62,0.8173
739,1,1681268512500.0,1095.24,0.0756,1096.61,0.0149
740,1,1681268512600.0,1095.24,0.0756,1096.61,0.0142
741,1,1681268512800.0,1095.24,0.0756,1096.61,0.0203
742,1,1681268513000.0,1095.24,0.0756,1096.61,0.0142
743,1,1681268513300.0,1095.24,0.0756,1096.61,0.0203
744,1,1681268513500.0,1095.24,0.0756,1096.61,0.0142
745,1,1681268513600.0,1095.24,0.0756,1096.61,0.0203
746,1,1681268513700.0,1095.24,0.0756,1096.61,0.0142
747,1,1681268513800.0,1095.24,0.0756,1096.61,0.0203
748,1,1681268513900.0,1095.24,0.0756,1096.61,0.0142
749,1,1681268514000.0,1095.22,0.9999999999999999,1096.6,0.8173
750,1,1681268514100.0,1095.22,0.9999999999999999,1096.59,0.0088
751,1,1681268514200.0,1095.22,0.9999999999999999,1096.59,0.0203
752,1,1681268514300.0,1095.22,0.9999999999999999,1096.59,0.2273
753,1,1681268514400.0,1095.22,0.9999999999999999,1096.59,0.2212
754,1,1681268514500.0,1095.22,0.9999999999999999,1096.58,0.0149
755,1,1681268514600.0,1095.22,0.9999999999999999,1096.57,0.0142
756,1,1681268514700.0,1095.22,0.9999999999999999,1096.58,0.0149
757,1,1681268514800.0,1095.22,0.9999999999999999,1096.58,0.0142
758,1,1681268515300.0,1095.22,0.9999999999999999,1096.58,0.0203
759,1,1681268515500.0,1095.22,0.9999999999999999,1096.58,0.0142
760,1,1681268515700.0,1095.22,0.9999999999999999,1096.58,0.0203
761,1,1681268515800.0,1095.22,0.9999999999999999,1096.58,0.0142
762,1,1681268515900.0,1095.22,0.9999999999999999,1096.58,0.0203
763,1,1681268516000.0,1095.22,0.9999999999999999,1096.58,0.0142
764,1,1681268516100.0,1095.22,0.9999999999999999,1096.57,0.8173
765,1,1681268516200.0,1095.22,0.9999999999999999,1096.57,0.8173
766,1,1681268516300.0,1095.22,0.9999999999999999,1096.56,0.0149
767,1,1681268516400.0,1095.22,0.9999999999999999,1096.56,0.0149
768,1,1681268516500.0,1095.22,0.9999999999999999,1096.56,0.0203
769,1,1681268516700.0,1095.22,0.9999999999999999,1096.56,0.0142
770,1,1681268516800.0,1095.22,0.9999999999999999,1096.56,0.0203
771,1,1681268517000.0,1095.22,0.9999999999999999,1096.56,0.0142
772,1,1681268517100.0,1095.22,0.9999999999999999,1096.56,0.0203
773,1,1681268517800.0,1095.22,0.9999999999999999,1096.55,0.207
774,1,1681268517900.0,1095.22,0.9999999999999999,1096.54,0.294
775,1,1681268518000.0,1095.22,0.9999999999999999,1096.53,0.0203
776,1,1681268518100.0,1095.22,0.9999999999999999,1096.53,0.2273
777,1,1681268518300.0,1095.22,0.9999999999999999,1096.53,0.2273
778,1,1681268518400.0,1095.22,0.9999999999999999,1096.52,0.2158
779,1,1681268518500.0,1095.22,0.9999999999999999,1096.5,0.329
780,1,1681268518600.0,1095.22,0.9999999999999999,1096.5,0.329
781,1,1681268518700.0,1095.22,0.9999999999999999,1096.49,0.0088
782,1,1681268518800.0,1095.22,0.9999999999999999,1096.49,0.0088
783,1,1681268518900.0,1095.22,0.9999999999999999,1096.49,0.0203
784,1,1681268519200.0,1095.22,0.9999999999999999,1096.49,0.0053999999999999986
785,1,1681268519400.0,1095.22,0.9999999999999999,1096.49,0.0053999999999999986
786,1,1681268520000.0,1095.22,0.9999999999999999,1096.49,0.0053999999999999986
787,1,1681268520100.0,1095.22,0.9999999999999999,1096.49,0.0291
788,1,1681268520200.0,1095.22,0.9999999999999999,1096.48,0.8173
789,1,1681268520300.0,1095.22,0.9999999999999999,1096.48,0.8173
790,1,1681268520600.0,1095.22,0.9999999999999999,1096.48,0.8173
791,1,1681268521000.0,1095.22,0.9999999999999999,1096.47,0.0291
792,1,1681268521100.0,1095.22,0.9999999999999999,1096.47,0.0291
793,1,1681268521300.0,1095.22,0.9999999999999999,1096.47,0.005400000000000002
794,1,1681268521500.0,1095.22,0.9999999999999999,1096.47,0.0291
795,1,1681268521600.0,1095.22,0.9999999999999999,1096.47,0.005400000000000002
796,1,1681268521700.0,1095.22,0.9999999999999999,1096.47,0.012300000000000002
797,1,1681268521800.0,1095.22,0.9999999999999999,1096.47,0.0291
798,1,1681268521900.0,1095.22,0.9999999999999999,1096.47,0.005400000000000002
799,1,1681268522300.0,1095.22,0.9999999999999999,1096.47,0.0291
800,1,1681268522500.0,1095.22,0.9999999999999999,1096.47,0.005400000000000002
801,1,1681268522600.0,1095.22,0.9999999999999999,1096.47,0.005400000000000002
802,1,1681268522700.0,1095.22,0.9999999999999999,1096.7,0.543
803,1,1681268522800.0,1095.22,0.9999999999999999,1096.7,0.543
804,1,1681268522900.0,1095.22,0.9999999999999999,1096.69,0.2124
805,1,1681268523000.0,1095.22,0.9999999999999999,1096.68,0.2238
806,1,1681268523100.0,1095.22,0.9999999999999999,1096.66,0.2124
807,1,1681268523300.0,1095.22,0.9999999999999999,1096.65,0.2238
808,1,1681268523500.0,1095.22,0.9999999999999999,1096.63,0.441
809,1,1681268523700.0,1095.22,0.9999999999999999,1096.63,0.441
810,1,1681268523800.0,1095.22,0.9999999999999999,1096.62,0.2238
811,1,1681268523900.0,1095.22,0.9999999999999999,1096.62,0.2238
812,1,1681268524000.0,1095.22,0.9999999999999999,1096.6,0.515
813,1,1681268524100.0,1095.22,0.9999999999999999,1096.6,0.515
814,1,1681268524200.0,1095.22,0.9999999999999999,1096.59,1.0411
815,1,1681268524300.0,1095.22,0.9999999999999999,1096.58,0.2139
816,1,1681268524600.0,1095.22,0.9999999999999999,1096.58,0.2139
817,1,1681268524700.0,1095.22,0.9999999999999999,1096.57,0.207
818,1,1681268524800.0,1095.22,0.9999999999999999,1096.56,0.441
819,1,1681268524900.0,1095.22,0.9999999999999999,1096.56,0.6549
820,1,1681268525000.0,1095.22,0.9999999999999999,1096.55,0.2204
821,1,1681268525100.0,1095.22,0.9999999999999999,1096.55,0.2204
822,1,1681268525200.0,1095.22,0.9999999999999999,1096.54,0.21389999999999998
823,1,1681268525300.0,1095.22,0.9999999999999999,1096.54,0.21389999999999998
824,1,1681268525400.0,1095.22,0.9999999999999999,1096.54,0.21389999999999998
825,1,1681268525600.0,1095.22,0.9999999999999999,1096.53,0.22039999999999998
826,1,1681268525700.0,1095.22,0.9999999999999999,1096.52,0.207
827,1,1681268525800.0,1095.22,0.9999999999999999,1096.51,0.441
828,1,1681268525900.0,1095.22,0.9999999999999999,1096.5,0.2292
829,1,1681268526000.0,1095.22,0.9999999999999999,1096.49,0.21389999999999998
830,1,1681268526200.0,1095.22,0.9999999999999999,1096.49,0.21389999999999998
831,1,1681268526400.0,1095.22,0.9999999999999999,1096.47,0.221
832,1,1681268526500.0,1095.22,0.9999999999999999,1096.47,0.221
833,1,1681268526600.0,1095.22,0.9999999999999999,1096.45,0.22920000000000001
834,1,1681268526700.0,1095.22,0.9999999999999999,1096.45,0.22920000000000001
835,1,1681268526800.0,1095.22,0.9999999999999999,1096.43,0.221
836,1,1681268526900.0,1095.22,0.9999999999999999,1096.42,0.207
837,1,1681268527500.0,1095.22,0.9999999999999999,1096.41,0.008
838,1,1681268527900.0,1095.22,0.9999999999999999,1096.41,0.008
839,1,1681268528000.0,1095.22,0.9999999999999999,1096.41,0.015700000000000002
840,1,1681268528100.0,1095.22,0.9999999999999999,1096.41,0.015700000000000002
841,1,1681268528200.0,1095.22,0.9999999999999999,1096.41,0.015700000000000002
842,1,1681268528300.0,1095.22,0.9999999999999999,1096.41,0.015700000000000002
843,1,1681268528400.0,1095.22,0.9999999999999999,1096.41,0.015700000000000002
844,1,1681268528700.0,1095.22,0.9999999999999999,1096.41,0.015700000000000002
845,1,1681268529000.0,1095.22,0.9999999999999999,1096.41,0.015700000000000002
846,1,1681268529100.0,1095.22,0.9999999999999999,1096.47,0.0134
847,1,1681268529200.0,1095.22,0.9999999999999999,1096.47,0.0211
848,1,1681268529400.0,1095.22,0.9999999999999999,1096.47,0.013400000000000002
849,1,1681268529700.0,1095.22,0.9999999999999999,1096.47,0.013400000000000002
850,1,1681268529800.0,1095.22,0.9999999999999999,1096.47,0.013400000000000002
851,1,1681268529900.0,1095.22,0.9999999999999999,1096.82,0.0157
852,1,1681268530000.0,1095.22,0.9999999999999999,1096.82,0.0157
853,1,1681268530100.0,1095.22,0.9999999999999999,1096.82,0.0203
854,1,1681268530400.0,1095.22,0.9999999999999999,1096.82,0.0211
855,1,1681268530600.0,1095.22,0.9999999999999999,1096.82,0.0203
856,1,1681268530800.0,1095.22,0.9999999999999999,1096.82,0.0211
857,1,1681268530900.0,1095.22,0.9999999999999999,1096.82,0.013400000000000002
858,1,1681268531000.0,1095.22,0.9999999999999999,1096.82,0.0211
859,1,1681268531200.0,1095.22,0.9999999999999999,1096.82,0.013400000000000002
860,1,1681268531400.0,1095.22,0.9999999999999999,1096.81,0.8173
861,1,1681268531500.0,1095.22,0.9999999999999999,1096.8,0.008
862,1,1681268531600.0,1095.22,0.9999999999999999,1096.8,0.008
863,1,1681268531800.0,1095.22,0.9999999999999999,1096.8,0.0211
864,1,1681268532000.0,1095.22,0.9999999999999999,1096.8,0.0211
865,1,1681268532100.0,1095.22,0.9999999999999999,1096.8,0.0203
866,1,1681268532300.0,1095.22,0.9999999999999999,1096.8,0.0211
867,1,1681268532400.0,1095.22,0.9999999999999999,1096.8,0.0211
868,1,1681268532600.0,1095.22,0.9999999999999999,1096.8,0.0203
869,1,1681268532800.0,1095.22,0.9999999999999999,1096.8,0.0203
870,1,1681268532900.0,1095.22,0.9999999999999999,1096.8,0.0142
871,1,1681268533000.0,1095.22,0.9999999999999999,1096.8,0.0203
872,1,1681268533100.0,1095.22,0.9999999999999999,1096.8,0.0203
873,1,1681268533200.0,1095.22,0.9999999999999999,1096.8,0.0203
874,1,1681268533500.0,1095.22,0.9999999999999999,1096.8,0.0142
875,1,1681268533600.0,1095.22,0.9999999999999999,1096.8,0.0203
876,1,1681268533700.0,1095.22,0.9999999999999999,1096.8,0.0142
877,1,1681268533800.0,1095.22,0.9999999999999999,1096.79,0.8173
878,1,1681268533900.0,1095.22,0.9999999999999999,1096.78,0.0142
879,1,1681268534100.0,1095.22,0.9999999999999999,1096.78,0.0203
880,1,1681268534400.0,1095.22,0.9999999999999999,1096.78,0.0142
881,1,1681268534500.0,1095.22,0.9999999999999999,1096.78,0.0203
882,1,1681268534800.0,1095.22,0.9999999999999999,1096.78,0.014199999999999999
883,1,1681268535000.0,1095.22,0.9999999999999999,1096.78,0.0203
884,1,1681268535200.0,1095.22,0.9999999999999999,1096.78,0.0203
885,1,1681268535700.0,1095.22,0.9999999999999999,1096.78,0.0291
886,1,1681268535800.0,1095.22,0.9999999999999999,1096.78,0.0142
887,1,1681268535900.0,1095.22,0.9999999999999999,1096.77,0.8173
888,1,1681268536600.0,1095.22,0.9999999999999999,1096.77,0.8173
889,1,1681268536800.0,1095.22,0.9999999999999999,1096.77,0.8173
890,1,1681268536900.0,1095.22,0.9999999999999999,1096.77,0.8173
891,1,1681268537100.0,1095.22,0.9999999999999999,1096.76,0.0149
892,1,1681268537200.0,1095.22,0.9999999999999999,1096.76,0.0053999999999999986
893,1,1681268537400.0,1095.22,0.9999999999999999,1096.76,0.0203
894,1,1681268537600.0,1095.22,0.9999999999999999,1096.76,0.0053999999999999986
895,1,1681268537700.0,1095.22,0.9999999999999999,1096.76,0.0203
896,1,1681268537800.0,1095.22,0.9999999999999999,1096.76,0.0053999999999999986
897,1,1681268537900.0,1095.22,0.9999999999999999,1096.76,0.0203
898,1,1681268538000.0,1095.22,0.9999999999999999,1096.76,0.0203
899,1,1681268538100.0,1095.22,0.9999999999999999,1096.97,0.0088
900,1,1681268538600.0,1095.22,0.9999999999999999,1096.97,0.0142
901,1,1681268538900.0,1095.22,0.9999999999999999,1096.97,0.0203
902,1,1681268539100.0,1095.22,0.9999999999999999,1096.97,0.0142
903,1,1681268539300.0,1095.22,0.9999999999999999,1096.97,0.0054
904,1,1681268539500.0,1095.22,0.9999999999999999,1096.97,0.0142
905,1,1681268539600.0,1095.22,0.9999999999999999,1096.97,0.0054
906,1,1681268539800.0,1095.22,0.9999999999999999,1096.96,0.2072
907,1,1681268539900.0,1095.22,0.9999999999999999,1096.95,0.359
908,1,1681268540000.0,1095.22,0.9999999999999999,1096.94,0.8173
909,1,1681268540100.0,1095.22,0.9999999999999999,1096.94,1.1885999999999999
910,1,1681268540200.0,1095.22,0.9999999999999999,1096.94,1.1885999999999999
911,1,1681268540300.0,1095.22,0.9999999999999999,1096.94,1.1885999999999999
912,1,1681268540400.0,1095.22,0.9999999999999999,1096.94,1.1885999999999999
913,1,1681268540500.0,1095.22,0.9999999999999999,1096.93,0.0149
914,1,1681268540600.0,1095.22,0.9999999999999999,1096.92,0.582
915,1,1681268540700.0,1095.22,0.9999999999999999,1096.91,0.2214
916,1,1681268540800.0,1095.22,0.9999999999999999,1096.9,0.2072
917,1,1681268540900.0,1095.22,0.9999999999999999,1096.9,0.2221
918,1,1681268541000.0,1095.22,0.9999999999999999,1096.88,0.58
919,1,1681268541300.0,1095.22,0.9999999999999999,1096.87,0.2072
920,1,1681268541400.0,1095.22,0.9999999999999999,1096.87,0.2221
921,1,1681268541500.0,1095.22,0.9999999999999999,1096.85,0.47
922,1,1681268541600.0,1095.22,0.9999999999999999,1096.84,0.22210000000000002
923,1,1681268541700.0,1095.22,0.9999999999999999,1096.83,1.0387
924,1,1681268541800.0,1095.22,0.9999999999999999,1096.81,0.0149
925,1,1681268541900.0,1095.22,0.9999999999999999,1096.81,0.0149
926,1,1681268542000.0,1095.22,0.9999999999999999,1096.8,0.109
927,1,1681268542100.0,1095.22,0.9999999999999999,1096.8,0.109
928,1,1681268542200.0,1095.22,0.9999999999999999,1096.8,0.109
929,1,1681268542300.0,1095.22,0.9999999999999999,1096.8,0.109
930,1,1681268542500.0,1095.22,0.9999999999999999,1096.79,0.0054
931,1,1681268542700.0,1095.22,0.9999999999999999,1096.79,0.0054
932,1,1681268542800.0,1095.22,0.9999999999999999,1096.79,0.0054
933,1,1681268542900.0,1095.22,0.9999999999999999,1096.79,0.0054
934,1,1681268543100.0,1095.22,0.9999999999999999,1096.79,0.0054
935,1,1681268543300.0,1095.22,0.9999999999999999,1096.79,0.0054
936,1,1681268543600.0,1095.22,0.9999999999999999,1096.79,0.0054
937,1,1681268543700.0,1095.22,0.9999999999999999,1096.79,0.0054
938,1,1681268543900.0,1095.22,0.9999999999999999,1096.79,0.0054
939,1,1681268544000.0,1095.22,0.9999999999999999,1096.79,0.0054
940,1,1681268544200.0,1095.22,0.9999999999999999,1096.79,0.0054
941,1,1681268545100.0,1095.22,0.9999999999999999,1096.79,0.0054
942,1,1681268545300.0,1095.22,0.9999999999999999,1096.79,0.0054
943,1,1681268545800.0,1095.22,0.9999999999999999,1096.79,0.0054
944,1,1681268545900.0,1095.22,0.9999999999999999,1096.79,0.0054
945,1,1681268546100.0,1095.22,0.9999999999999999,1096.79,0.0054
946,1,1681268546200.0,1095.22,0.9999999999999999,1096.79,0.0054
947,1,1681268546400.0,1095.22,0.9999999999999999,1096.79,0.0054
948,1,1681268547100.0,1095.22,0.9999999999999999,1096.78,0.8173
949,1,1681268547200.0,1095.22,0.9999999999999999,1096.78,0.8173
950,1,1681268547300.0,1095.22,0.9999999999999999,1096.77,0.0237
951,1,1681268547400.0,1095.22,0.9999999999999999,1096.77,0.0237
952,1,1681268547600.0,1095.22,0.9999999999999999,1096.77,0.0054
953,1,1681268547800.0,1095.22,0.9999999999999999,1096.77,0.0291
954,1,1681268547900.0,1095.22,0.9999999999999999,1096.77,0.005400000000000002
955,1,1681268548000.0,1095.22,0.9999999999999999,1096.77,0.0291
956,1,1681268548300.0,1095.22,0.9999999999999999,1096.76,0.2072
957,1,1681268548400.0,1095.22,0.9999999999999999,1096.76,0.2072
958,1,1681268548500.0,1095.22,0.9999999999999999,1096.75,0.1499
959,1,1681268548600.0,1095.22,0.9999999999999999,1096.74,0.21259999999999998
960,1,1681268548700.0,1095.22,0.9999999999999999,1096.73,0.2072
961,1,1681268548900.0,1095.22,0.9999999999999999,1096.72,0.0291
962,1,1681268549000.0,1095.22,0.9999999999999999,1096.72,0.2126
963,1,1681268549200.0,1095.22,0.9999999999999999,1096.7,0.8173
964,1,1681268549400.0,1095.22,0.9999999999999999,1096.69,0.2126
965,1,1681268549500.0,1095.22,0.9999999999999999,1096.68,0.0237
966,1,1681268549600.0,1095.22,0.9999999999999999,1096.68,0.0237
967,1,1681268549800.0,1095.22,0.9999999999999999,1096.68,0.2125
968,1,1681268550000.0,1095.22,0.9999999999999999,1096.67,0.0237
969,1,1681268550200.0,1095.22,0.9999999999999999,1096.67,0.029099999999999997
970,1,1681268550300.0,1095.22,0.9999999999999999,1096.67,0.0053999999999999986
971,1,1681268550500.0,1095.22,0.9999999999999999,1096.67,0.0053999999999999986
972,1,1681268550700.0,1095.22,0.9999999999999999,1096.67,0.0053999999999999986
973,1,1681268550800.0,1095.22,0.9999999999999999,1096.67,0.029099999999999997
974,1,1681268551000.0,1095.22,0.9999999999999999,1096.67,0.0053999999999999986
975,1,1681268551100.0,1095.22,0.9999999999999999,1096.66,0.2071
976,1,1681268551200.0,1095.22,0.9999999999999999,1096.65,0.221
977,1,1681268551300.0,1095.22,0.9999999999999999,1096.64,0.8173
978,1,1681268551400.0,1095.22,0.9999999999999999,1096.64,0.8173
979,1,1681268551500.0,1095.22,0.9999999999999999,1096.63,0.2071
980,1,1681268551700.0,1095.22,0.9999999999999999,1096.61,0.469
981,1,1681268551800.0,1095.22,0.9999999999999999,1096.6,0.2071
982,1,1681268551900.0,1095.22,0.9999999999999999,1096.6,0.2071
983,1,1681268552000.0,1095.22,0.9999999999999999,1096.59,0.0291
984,1,1681268552100.0,1095.22,0.9999999999999999,1096.58,0.469
985,1,1681268552300.0,1095.22,0.9999999999999999,1096.58,0.469
986,1,1681268552500.0,1095.22,0.9999999999999999,1096.57,0.0237
987,1,1681268552700.0,1095.22,0.9999999999999999,1096.57,0.0237
988,1,1681268552900.0,1095.22,0.9999999999999999,1096.57,0.0237
989,1,1681268553300.0,1095.22,0.9999999999999999,1096.57,0.005400000000000002
990,1,1681268553800.0,1095.22,0.9999999999999999,1096.57,0.0291
991,1,1681268553900.0,1095.22,0.9999999999999999,1096.56,0.8173
992,1,1681268554000.0,1095.22,0.9999999999999999,1096.56,0.8173
993,1,1681268554100.0,1095.22,0.9999999999999999,1096.56,0.8173
994,1,1681268554200.0,1095.22,0.9999999999999999,1096.56,0.8173
995,1,1681268554300.0,1095.22,0.9999999999999999,1096.56,0.8173
996,1,1681268554400.0,1095.22,0.9999999999999999,1096.54,0.331
997,1,1681268554600.0,1095.22,0.9999999999999999,1096.54,0.331
998,1,1681268554900.0,1095.22,0.9999999999999999,1096.53,0.0291
999,1,1681268555300.0,1095.22,0.9999999999999999,1096.53,0.005400000000000002
1000,1,1681268555500.0,1095.22,0.9999999999999999,1096.53,0.0291
1001,1,1681268555700.0,1095.22,0.9999999999999999,1096.53,0.005400000000000002
1002,1,1681268555900.0,1095.22,0.9999999999999999,1096.53,0.0291
1003,1,1681268556000.0,1095.22,0.9999999999999999,1096.53,0.005400000000000002
1004,1,1681268556100.0,1095.22,0.9999999999999999,1096.52,0.8173
1005,1,1681268556200.0,1095.22,0.9999999999999999,1096.52,0.8173
1006,1,1681268556500.0,1095.22,0.9999999999999999,1096.52,0.8173
1007,1,1681268556600.0,1095.22,0.9999999999999999,1096.52,0.8173
1008,1,1681268556900.0,1095.22,0.9999999999999999,1096.52,0.8173
1009,1,1681268557000.0,1095.22,0.9999999999999999,1096.52,0.8173
1010,1,1681268557100.0,1095.22,0.9999999999999999,1096.52,0.8173
1011,1,1681268557400.0,1095.22,0.9999999999999999,1096.5,0.331
1012,1,1681268557500.0,1095.22,0.9999999999999999,1096.5,0.331
1013,1,1681268557600.0,1095.22,0.9999999999999999,1096.5,0.331
1014,1,1681268557700.0,1095.22,0.9999999999999999,1096.49,0.0211
1015,1,1681268557800.0,1095.22,0.9999999999999999,1096.49,0.005400000000000002
1016,1,1681268557900.0,1095.22,0.9999999999999999,1096.49,0.0211
1017,1,1681268558000.0,1095.22,0.9999999999999999,1096.49,0.005400000000000002
1018,1,1681268558200.0,1095.22,0.9999999999999999,1096.49,0.0291
1019,1,1681268558300.0,1095.22,0.9999999999999999,1096.49,0.0291
1020,1,1681268558400.0,1095.22,0.9999999999999999,1096.49,0.0291
1021,1,1681268558500.0,1095.22,0.9999999999999999,1096.49,0.012300000000000002
1022,1,1681268558600.0,1095.22,0.9999999999999999,1096.48,0.8173
1023,1,1681268558700.0,1095.22,0.9999999999999999,1096.48,0.8173
1024,1,1681268558800.0,1095.22,0.9999999999999999,1096.47,0.016800000000000002
1025,1,1681268558900.0,1095.22,0.9999999999999999,1096.47,0.012300000000000005
1026,1,1681268559100.0,1095.22,0.9999999999999999,1096.47,0.022200000000000004
1027,1,1681268559400.0,1095.22,0.9999999999999999,1096.47,0.012300000000000005
1028,1,1681268559600.0,1095.22,0.9999999999999999,1096.47,0.022200000000000004
1029,1,1681268559700.0,1095.22,0.9999999999999999,1096.47,0.029100000000000004
1030,1,1681268559800.0,1095.22,0.9999999999999999,1096.47,0.012300000000000005
1031,1,1681268559900.0,1095.22,0.9999999999999999,1096.47,0.022200000000000004
1032,1,1681268560000.0,1095.22,0.9999999999999999,1096.47,0.012300000000000005
1033,1,1681268560200.0,1095.22,0.9999999999999999,1096.47,0.012300000000000005
1034,1,1681268560300.0,1095.22,0.9999999999999999,1096.47,0.012300000000000005
1035,1,1681268560400.0,1095.24,0.169,1096.47,0.012300000000000005
1036,1,1681268560500.0,1095.24,0.169,1096.47,0.022200000000000004
1037,1,1681268560600.0,1095.24,0.169,1096.47,0.012300000000000005
1038,1,1681268560700.0,1095.24,0.169,1096.47,0.020300000000000006
1039,1,1681268560800.0,1095.24,0.169,1096.47,0.022200000000000004
1040,1,1681268560900.0,1095.24,0.169,1096.47,0.012300000000000005
1041,1,1681268561000.0,1095.24,0.169,1096.47,0.012300000000000005
1042,1,1681268561100.0,1095.24,0.169,1096.47,0.022200000000000008
1043,1,1681268561200.0,1095.25,0.0756,1096.47,0.022200000000000008
1044,1,1681268561400.0,1095.25,0.0756,1096.47,0.022200000000000008
1045,1,1681268561500.0,1095.25,0.0756,1096.47,0.020300000000000006
1046,1,1681268561600.0,1095.25,0.0756,1096.47,0.020300000000000006
1047,1,1681268561700.0,1095.25,0.0756,1096.47,0.020300000000000006
1048,1,1681268561800.0,1095.25,0.0756,1096.47,0.020300000000000006
1049,1,1681268561900.0,1095.25,0.0756,1097.0,0.0088
1050,1,1681268562000.0,1095.25,0.0756,1097.0,0.0088
1051,1,1681268562100.0,1095.25,0.0756,1097.0,0.0088
1052,1,1681268562200.0,1095.25,0.0756,1097.0,0.0088
1053,1,1681268562300.0,1095.25,0.0756,1096.99,0.498
1054,1,1681268562500.0,1095.25,0.0756,1096.99,0.498
1055,1,1681268562600.0,1095.25,0.0756,1096.99,0.498
1056,1,1681268562700.0,1095.25,0.0756,1096.99,0.498
1057,1,1681268562800.0,1095.25,0.0756,1096.98,0.8173
1058,1,1681268563000.0,1095.25,0.0756,1096.48,0.2071
1059,1,1681268563100.0,1095.25,0.0756,1096.46,0.2071
1060,1,1681268563200.0,1095.25,0.0756,1096.46,0.2071
1061,1,1681268563400.0,1095.25,0.0756,1096.46,0.2071
1062,1,1681268563500.0,1095.25,0.0756,1096.46,0.2071
1063,1,1681268563600.0,1095.25,0.0756,1096.46,0.2071
1064,1,1681268563700.0,1095.25,0.0756,1096.46,0.2071
1065,1,1681268564000.0,1095.25,0.0756,1096.45,0.0203
1066,1,1681268564100.0,1095.25,0.0756,1096.45,0.17020000000000002
1067,1,1681268564200.0,1095.25,0.0756,1096.45,0.17020000000000002
1068,1,1681268564300.0,1095.25,0.0756,1096.44,0.357
1069,1,1681268564500.0,1095.25,0.0756,1096.44,0.357
1070,1,1681268564600.0,1095.25,0.0756,1096.44,0.357
1071,1,1681268564700.0,1095.25,0.0756,1096.43,0.0142
1072,1,1681268564900.0,1095.25,0.0756,1096.43,0.0203
1073,1,1681268565000.0,1095.25,0.0756,1096.43,0.0203
1074,1,1681268565100.0,1095.25,0.0756,1096.43,0.0142
1075,1,1681268565200.0,1095.25,0.0756,1096.43,0.0203
1076,1,1681268565300.0,1095.25,0.0756,1096.43,0.0142
1077,1,1681268565400.0,1095.25,0.0756,1096.43,0.0142
1078,1,1681268565500.0,1095.25,0.0756,1096.43,0.0142
1079,1,1681268565600.0,1095.25,0.0756,1096.43,0.0203
1080,1,1681268565700.0,1095.25,0.0756,1096.43,0.0203
1081,1,1681268565900.0,1095.25,0.0756,1096.43,0.014199999999999999
1082,1,1681268566000.0,1095.25,0.0756,1096.43,0.0203
1083,1,1681268566200.0,1095.25,0.0756,1096.43,0.0142
1084,1,1681268567000.0,1095.25,0.0756,1096.43,0.014899999999999998
1085,1,1681268567100.0,1095.25,0.0756,1096.43,0.0142
1086,1,1681268567300.0,1095.25,0.0756,1096.43,0.0142
1087,1,1681268567400.0,1095.25,0.0756,1096.43,0.0203
1088,1,1681268567600.0,1095.25,0.0756,1096.42,0.8173
1089,1,1681268567700.0,1095.25,0.0756,1096.41,0.0149
1090,1,1681268567900.0,1095.25,0.0756,1096.41,0.0142
1091,1,1681268568000.0,1095.25,0.0756,1096.41,0.0203
1092,1,1681268568300.0,1095.25,0.0756,1096.41,0.0142
1093,1,1681268568400.0,1095.25,0.0756,1096.41,0.0142
1094,1,1681268568500.0,1095.22,0.9999999999999999,1096.41,0.0203
1095,1,1681268568600.0,1095.22,0.9999999999999999,1096.41,0.0142
1096,1,1681268568700.0,1095.22,0.9999999999999999,1096.41,0.0123
1097,1,1681268568800.0,1095.22,0.9999999999999999,1096.4,0.2071
1098,1,1681268568900.0,1095.22,0.9999999999999999,1096.39,0.0088
1099,1,1681268569000.0,1095.22,0.9999999999999999,1096.39,0.0088
1100,1,1681268569100.0,1095.22,0.9999999999999999,1096.39,0.0203
1101,1,1681268569400.0,1095.22,0.9999999999999999,1096.39,0.0142
1102,1,1681268569600.0,1095.22,0.9999999999999999,1096.39,0.0203
1103,1,1681268569800.0,1095.22,0.9999999999999999,1096.38,0.8173
1104,1,1681268569900.0,1095.22,0.9999999999999999,1096.37,0.0149
1105,1,1681268570000.0,1095.22,0.9999999999999999,1096.37,0.014199999999999999
1106,1,1681268570400.0,1095.22,0.9999999999999999,1096.37,0.0203
1107,1,1681268570600.0,1095.22,0.9999999999999999,1096.37,0.0142
1108,1,1681268570800.0,1095.22,0.9999999999999999,1096.37,0.0203
1109,1,1681268571300.0,1095.22,0.9999999999999999,1096.37,0.0142
1110,1,1681268572500.0,1095.22,0.9999999999999999,1096.37,0.0142
1111,1,1681268572600.0,1095.22,0.9999999999999999,1096.37,0.0203
1112,1,1681268572700.0,1095.22,0.9999999999999999,1096.37,0.0203
1113,1,1681268572800.0,1095.22,0.9999999999999999,1096.37,0.012299999999999998
1114,1,1681268572900.0,1095.22,0.9999999999999999,1096.63,0.0203
1115,1,1681268573000.0,1095.22,0.9999999999999999,1096.63,0.0142
1116,1,1681268573200.0,1095.22,0.9999999999999999,1096.63,0.0203
1117,1,1681268573600.0,1095.22,0.9999999999999999,1096.63,0.0142
1118,1,1681268573800.0,1095.22,0.9999999999999999,1096.63,0.0203
1119,1,1681268573900.0,1095.22,0.9999999999999999,1096.63,0.0142
1120,1,1681268574000.0,1095.22,0.9999999999999999,1096.63,0.0203
1121,1,1681268574200.0,1095.22,0.9999999999999999,1096.63,0.2213
1122,1,1681268574400.0,1095.22,0.9999999999999999,1096.62,0.0149
1123,1,1681268574700.0,1095.22,0.9999999999999999,1096.6,0.219
1124,1,1681268574800.0,1095.22,0.9999999999999999,1096.59,0.222
1125,1,1681268574900.0,1095.22,0.9999999999999999,1096.58,0.2213
1126,1,1681268575100.0,1095.22,0.9999999999999999,1096.57,0.222
1127,1,1681268575400.0,1095.22,0.9999999999999999,1096.56,0.2213
1128,1,1681268575600.0,1095.22,0.9999999999999999,1096.55,0.222
1129,1,1681268575700.0,1095.22,0.9999999999999999,1096.54,0.2213
1130,1,1681268575900.0,1095.22,0.9999999999999999,1096.53,1.0393000000000001
1131,1,1681268576000.0,1095.22,0.9999999999999999,1096.52,0.0142
1132,1,1681268576200.0,1095.22,0.9999999999999999,1096.52,0.0203
1133,1,1681268576300.0,1095.22,0.9999999999999999,1096.52,0.0203
1134,1,1681268576400.0,1095.22,0.9999999999999999,1096.52,0.0203
1135,1,1681268576500.0,1095.22,0.9999999999999999,1096.52,0.0142
1136,1,1681268576600.0,1095.22,0.9999999999999999,1096.52,0.0203
1137,1,1681268576800.0,1095.22,0.9999999999999999,1096.52,0.0149
1138,1,1681268576900.0,1095.22,0.9999999999999999,1096.52,0.0142
1139,1,1681268577100.0,1095.22,0.9999999999999999,1096.52,0.0203
1140,1,1681268577200.0,1095.22,0.9999999999999999,1096.51,0.2071
1141,1,1681268577500.0,1095.22,0.9999999999999999,1096.51,0.2071
1142,1,1681268577700.0,1095.22,0.9999999999999999,1096.51,0.2071
1143,1,1681268577800.0,1095.22,0.9999999999999999,1096.5,0.8173
1144,1,1681268577900.0,1095.22,0.9999999999999999,1096.49,0.2362
1145,1,1681268578000.0,1095.22,0.9999999999999999,1096.49,0.2071
1146,1,1681268578200.0,1095.22,0.9999999999999999,1096.48,0.0211
1147,1,1681268578400.0,1095.22,0.9999999999999999,1096.48,0.0211
1148,1,1681268578600.0,1095.22,0.9999999999999999,1096.47,0.2071
1149,1,1681268578900.0,1095.22,0.9999999999999999,1096.46,0.008
1150,1,1681268579000.0,1095.22,0.9999999999999999,1096.45,0.2071
1151,1,1681268579200.0,1095.22,0.9999999999999999,1096.44,0.0211
1152,1,1681268579400.0,1095.22,0.9999999999999999,1096.44,0.013399999999999999
1153,1,1681268579500.0,1095.22,0.9999999999999999,1096.44,0.013399999999999999
1154,1,1681268579600.0,1095.22,0.9999999999999999,1096.44,0.013399999999999999
1155,1,1681268579800.0,1095.22,0.9999999999999999,1096.44,0.0053999999999999986
1156,1,1681268579900.0,1095.23,0.169,1096.44,0.021099999999999997
1157,1,1681268580100.0,1095.23,0.169,1096.44,0.021099999999999997
1158,1,1681268580200.0,1095.23,0.169,1096.43,0.8173
1159,1,1681268580300.0,1095.23,0.169,1096.42,0.008
1160,1,1681268580400.0,1095.23,0.169,1096.42,0.008
1161,1,1681268580500.0,1095.23,0.169,1096.42,0.008
1162,1,1681268580600.0,1095.23,0.169,1096.42,0.008
1163,1,1681268580700.0,1095.22,0.9999999999999999,1096.42,0.008
1164,1,1681268580800.0,1095.22,0.9999999999999999,1096.42,0.008
1165,1,1681268581000.0,1095.22,0.9999999999999999,1096.42,0.008
1166,1,1681268581400.0,1095.22,0.9999999999999999,1096.4,0.112
1167,1,1681268581500.0,1095.22,0.9999999999999999,1096.4,0.112
1168,1,1681268581600.0,1095.22,0.9999999999999999,1096.38,0.8173
1169,1,1681268581700.0,1095.22,0.9999999999999999,1096.38,0.8173
1170,1,1681268581800.0,1095.22,0.9999999999999999,1096.38,0.8173
1171,1,1681268581900.0,1095.22,0.9999999999999999,1096.37,0.22
1172,1,1681268582000.0,1095.22,0.9999999999999999,1096.37,0.22
1173,1,1681268582100.0,1095.22,0.9999999999999999,1096.37,0.22
1174,1,1681268582200.0,1095.22,0.9999999999999999,1096.36,0.3781
1175,1,1681268582600.0,1095.22,0.9999999999999999,1096.35,0.365
1176,1,1681268582700.0,1095.22,0.9999999999999999,1096.34,0.439
1177,1,1681268582800.0,1095.22,0.9999999999999999,1096.33,0.3782
1178,1,1681268583100.0,1095.22,0.9999999999999999,1096.32,0.3651
1179,1,1681268583200.0,1095.22,0.9999999999999999,1096.3,0.439
1180,1,1681268583600.0,1095.22,0.9999999999999999,1096.29,0.3651
1181,1,1681268583700.0,1095.22,0.9999999999999999,1096.28,0.2283
1182,1,1681268583800.0,1095.22,0.9999999999999999,1096.27,0.219
1183,1,1681268583900.0,1095.22,0.9999999999999999,1096.26,0.3651
1184,1,1681268584000.0,1095.22,0.9999999999999999,1096.25,0.8173
1185,1,1681268584100.0,1095.22,0.9999999999999999,1096.24,0.442
1186,1,1681268584200.0,1095.22,0.9999999999999999,1096.24,0.442
1187,1,1681268584400.0,1095.22,0.9999999999999999,1096.23,0.3571
1188,1,1681268584500.0,1095.22,0.9999999999999999,1096.23,0.3571
1189,1,1681268584600.0,1095.22,0.9999999999999999,1096.22,0.3782
1190,1,1681268584700.0,1095.22,0.9999999999999999,1096.22,0.3782
1191,1,1681268584800.0,1095.22,0.9999999999999999,1096.21,0.3571
1192,1,1681268584900.0,1095.22,0.9999999999999999,1096.19,0.552
1193,1,1681268585100.0,1095.22,0.9999999999999999,1096.18,0.3571
1194,1,1681268585400.0,1095.22,0.9999999999999999,1096.16,0.552
1195,1,1681268585500.0,1095.22,0.9999999999999999,1096.15,0.2072
1196,1,1681268586000.0,1095.22,0.9999999999999999,1096.13,0.552
1197,1,1681268586100.0,1095.22,0.9999999999999999,1096.12,0.8173
1198,1,1681268586200.0,1095.22,0.9999999999999999,1096.12,1.0244
1199,1,1681268586600.0,1095.22,0.9999999999999999,1096.11,0.2308
1200,1,1681268586800.0,1095.22,0.9999999999999999,1096.1,0.7591000000000001
1201,1,1681268586900.0,1095.22,0.9999999999999999,1096.09,0.0237
1202,1,1681268587100.0,1095.22,0.9999999999999999,1096.09,0.0237
1203,1,1681268587200.0,1095.22,0.9999999999999999,1096.09,0.0237
1204,1,1681268587400.0,1095.22,0.9999999999999999,1096.08,0.2071
1205,1,1681268587500.0,1095.22,0.9999999999999999,1096.08,0.2071
1206,1,1681268587600.0,1095.22,0.9999999999999999,1096.07,0.442
1207,1,1681268587700.0,1095.22,0.9999999999999999,1096.06,0.2159
1208,1,1681268588000.0,1095.22,0.9999999999999999,1096.06,0.2159
1209,1,1681268588300.0,1095.22,0.9999999999999999,1096.04,0.442
1210,1,1681268588800.0,1095.22,0.9999999999999999,1096.02,0.8173
1211,1,1681268588900.0,1095.22,0.9999999999999999,1096.01,0.439
1212,1,1681268589000.0,1095.22,0.9999999999999999,1096.01,0.439
1213,1,1681268589100.0,1095.22,0.9999999999999999,1096.01,0.439
1214,1,1681268589300.0,1095.22,0.9999999999999999,1096.0,0.222
1215,1,1681268590100.0,1095.22,0.9999999999999999,1095.99,0.0088
1216,1,1681268590200.0,1095.22,0.9999999999999999,1095.98,0.439
1217,1,1681268590300.0,1095.22,0.9999999999999999,1095.97,0.222
1218,1,1681268590400.0,1095.22,0.9999999999999999,1095.95,0.439
1219,1,1681268590600.0,1095.22,0.9999999999999999,1095.94,0.222
1220,1,1681268590700.0,1095.22,0.9999999999999999,1095.94,0.222
1221,1,1681268590800.0,1095.22,0.9999999999999999,1095.92,0.439
1222,1,1681268590900.0,1095.22,0.9999999999999999,1095.92,0.439
1223,1,1681268591000.0,1095.22,0.9999999999999999,1095.91,0.0149
1224,1,1681268591400.0,1095.22,0.9999999999999999,1095.9,0.2071
1225,1,1681268591500.0,1095.22,0.9999999999999999,1095.89,0.442
1226,1,1681268591600.0,1095.22,0.9999999999999999,1095.88,0.222
1227,1,1681268591700.0,1095.22,0.9999999999999999,1095.88,0.222
1228,1,1681268591900.0,1095.22,0.9999999999999999,1095.87,0.0088
1229,1,1681268592000.0,1095.22,0.9999999999999999,1095.87,0.014900000000000002
1230,1,1681268592100.0,1095.22,0.9999999999999999,1095.86,0.22
1231,1,1681268592400.0,1095.22,0.9999999999999999,1095.85,0.0088
1232,1,1681268592600.0,1095.22,0.9999999999999999,1095.85,0.014899999999999998
1233,1,1681268592700.0,1095.22,0.9999999999999999,1095.85,0.008799999999999999
1234,1,1681268592800.0,1095.22,0.9999999999999999,1095.85,0.014899999999999998
1235,1,1681268592900.0,1095.22,0.9999999999999999,1095.85,0.008799999999999999
1236,1,1681268593100.0,1095.22,0.9999999999999999,1095.85,0.014899999999999998
1237,1,1681268593200.0,1095.22,0.9999999999999999,1095.84,0.8173
1238,1,1681268593300.0,1095.22,0.9999999999999999,1095.84,0.8173
1239,1,1681268593600.0,1095.22,0.9999999999999999,1095.83,0.0149
1240,1,1681268593700.0,1095.22,0.9999999999999999,1095.82,0.11
1241,1,1681268593800.0,1095.22,0.9999999999999999,1095.82,0.11
1242,1,1681268593900.0,1095.22,0.9999999999999999,1095.82,0.11
1243,1,1681268594000.0,1095.22,0.9999999999999999,1095.83,0.014899999999999998
1244,1,1681268594100.0,1095.22,0.9999999999999999,1095.83,0.014899999999999998
1245,1,1681268594200.0,1095.22,0.9999999999999999,1095.83,0.008799999999999999
1246,1,1681268594300.0,1095.22,0.9999999999999999,1095.83,0.014899999999999998
1247,1,1681268594400.0,1095.22,0.9999999999999999,1095.83,0.008799999999999999
1248,1,1681268594500.0,1095.22,0.9999999999999999,1095.83,0.014899999999999998
1249,1,1681268594600.0,1095.22,0.9999999999999999,1095.83,0.014899999999999998
1250,1,1681268594700.0,1095.22,0.9999999999999999,1095.83,0.014899999999999998
1251,1,1681268594800.0,1095.22,0.9999999999999999,1095.83,0.014899999999999998
1252,1,1681268594900.0,1095.22,0.9999999999999999,1095.83,0.008799999999999999
1253,1,1681268595000.0,1095.22,0.9999999999999999,1095.83,0.008799999999999999
1254,1,1681268595200.0,1095.22,0.9999999999999999,1095.83,0.008799999999999999
1255,1,1681268595300.0,1095.22,0.9999999999999999,1095.83,0.014899999999999998
1256,1,1681268595500.0,1095.22,0.9999999999999999,1095.83,0.0157
1257,1,1681268595600.0,1095.22,0.9999999999999999,1095.83,0.014899999999999998
1258,1,1681268595800.0,1095.22,0.9999999999999999,1095.83,0.008799999999999999
1259,1,1681268595900.0,1095.22,0.9999999999999999,1095.83,0.008799999999999999
1260,1,1681268596000.0,1095.22,0.9999999999999999,1096.3,0.222
1261,1,1681268596100.0,1095.22,0.9999999999999999,1096.29,0.2159
1262,1,1681268596200.0,1095.22,0.9999999999999999,1096.29,0.2159
1263,1,1681268596300.0,1095.22,0.9999999999999999,1096.28,0.2274
1264,1,1681268596700.0,1095.22,0.9999999999999999,1096.27,0.1208
1265,1,1681268596800.0,1095.22,0.9999999999999999,1096.26,0.2071
1266,1,1681268597400.0,1095.22,0.9999999999999999,1096.25,0.0149
1267,1,1681268597800.0,1095.22,0.9999999999999999,1096.24,0.222
1268,1,1681268597900.0,1095.22,0.9999999999999999,1096.24,0.222
1269,1,1681268598000.0,1095.22,0.9999999999999999,1096.23,0.8173
1270,1,1681268598100.0,1095.22,0.9999999999999999,1096.23,1.0345
1271,1,1681268599100.0,1095.22,0.9999999999999999,1096.22,0.0191
1272,1,1681268599400.0,1095.22,0.9999999999999999,1096.21,0.5392
1273,1,1681268599800.0,1095.22,0.9999999999999999,1096.2,0.0149
1274,1,1681268599900.0,1095.22,0.9999999999999999,1096.2,0.0142
1275,1,1681268600000.0,1095.22,0.9999999999999999,1096.19,0.8173
1276,1,1681268600200.0,1095.22,0.9999999999999999,1096.17,0.222
1277,1,1681268600300.0,1095.22,0.9999999999999999,1096.16,0.0203
1278,1,1681268600400.0,1095.22,0.9999999999999999,1096.16,0.0142
1279,1,1681268600700.0,1095.22,0.9999999999999999,1096.16,0.0203
1280,1,1681268600900.0,1095.22,0.9999999999999999,1096.16,0.0142
1281,1,1681268601000.0,1095.22,0.9999999999999999,1096.16,0.0203
1282,1,1681268601200.0,1095.22,0.9999999999999999,1096.16,0.0142
1283,1,1681268601300.0,1095.22,0.9999999999999999,1096.16,0.0203
1284,1,1681268601600.0,1095.22,0.9999999999999999,1096.16,0.0142
1285,1,1681268601800.0,1095.22,0.9999999999999999,1096.16,0.0203
1286,1,1681268601900.0,1095.22,0.9999999999999999,1096.16,0.0142
1287,1,1681268602100.0,1095.22,0.9999999999999999,1096.16,0.0203
1288,1,1681268602300.0,1095.22,0.9999999999999999,1096.15,0.8173
1289,1,1681268602400.0,1095.22,0.9999999999999999,1096.15,0.8173
1290,1,1681268602600.0,1095.22,0.9999999999999999,1096.13,0.222
1291,1,1681268602700.0,1095.22,0.9999999999999999,1096.13,0.222
1292,1,1681268602800.0,1095.22,0.9999999999999999,1096.12,0.0088
1293,1,1681268602900.0,1095.22,0.9999999999999999,1096.12,0.0088
1294,1,1681268603000.0,1095.22,0.9999999999999999,1096.12,0.014899999999999998
1295,1,1681268603100.0,1095.22,0.9999999999999999,1096.12,0.008799999999999999
1296,1,1681268603400.0,1095.22,0.9999999999999999,1096.12,0.014899999999999998
1297,1,1681268603600.0,1095.22,0.9999999999999999,1096.12,0.008799999999999999
1298,1,1681268603700.0,1095.22,0.9999999999999999,1096.13,0.222
1299,1,1681268603900.0,1095.22,0.9999999999999999,1096.12,0.007999999999999998
1300,1,1681268604000.0,1095.22,0.9999999999999999,1096.12,0.007999999999999998
1301,1,1681268604100.0,1095.22,0.9999999999999999,1096.11,0.222
1302,1,1681268604500.0,1095.22,0.9999999999999999,1096.1,0.008
1303,1,1681268604600.0,1095.22,0.9999999999999999,1096.09,0.8173
1304,1,1681268604700.0,1095.22,0.9999999999999999,1096.09,0.8173
1305,1,1681268604800.0,1095.22,0.9999999999999999,1096.08,0.008
1306,1,1681268604900.0,1095.22,0.9999999999999999,1096.07,0.112
1307,1,1681268605100.0,1095.22,0.9999999999999999,1096.07,0.112
1308,1,1681268605300.0,1095.22,0.9999999999999999,1096.07,0.112
1309,1,1681268605400.0,1095.22,0.9999999999999999,1096.07,0.112
1310,1,1681268605500.0,1095.22,0.9999999999999999,1096.07,0.112
1311,1,1681268605600.0,1095.22,0.9999999999999999,1096.07,0.112
1312,1,1681268605700.0,1095.22,0.9999999999999999,1096.07,0.112
1313,1,1681268605800.0,1095.22,0.9999999999999999,1096.08,0.007999999999999998
1314,1,1681268605900.0,1095.22,0.9999999999999999,1096.08,0.0157
1315,1,1681268606100.0,1095.22,0.9999999999999999,1096.08,0.008
1316,1,1681268606200.0,1095.22,0.9999999999999999,1096.08,0.0157
1317,1,1681268606500.0,1095.22,0.9999999999999999,1096.08,0.008
1318,1,1681268607000.0,1095.22,0.9999999999999999,1096.07,0.8173
1319,1,1681268607300.0,1095.22,0.9999999999999999,1096.07,0.8173
1320,1,1681268607400.0,1095.22,0.9999999999999999,1096.06,0.0157
1321,1,1681268608100.0,1095.22,0.9999999999999999,1096.06,0.0157
1322,1,1681268608300.0,1095.22,0.9999999999999999,1096.06,0.008
1323,1,1681268608400.0,1095.22,0.9999999999999999,1096.31,0.2073
1324,1,1681268608600.0,1095.22,0.9999999999999999,1096.31,0.2073
1325,1,1681268608700.0,1095.22,0.9999999999999999,1096.29,0.332
1326,1,1681268608800.0,1095.22,0.9999999999999999,1096.28,0.0211
1327,1,1681268609000.0,1095.22,0.9999999999999999,1096.28,0.0211
1328,1,1681268609400.0,1095.22,0.9999999999999999,1096.28,0.013400000000000002
1329,1,1681268609500.0,1095.22,0.9999999999999999,1096.28,0.021100000000000004
1330,1,1681268609700.0,1095.22,0.9999999999999999,1096.28,0.022200000000000004
1331,1,1681268609800.0,1095.22,0.9999999999999999,1096.28,0.021100000000000004
1332,1,1681268609900.0,1095.22,0.9999999999999999,1096.28,0.021100000000000004
1333,1,1681268610000.0,1095.22,0.9999999999999999,1096.28,0.022200000000000004
1334,1,1681268610100.0,1095.22,0.9999999999999999,1096.28,0.029100000000000004
1335,1,1681268610200.0,1095.22,0.9999999999999999,1096.27,0.2073
1336,1,1681268610300.0,1095.22,0.9999999999999999,1096.26,0.0069
1337,1,1681268610400.0,1095.22,0.9999999999999999,1096.24,0.0168
1338,1,1681268610500.0,1095.22,0.9999999999999999,1096.24,0.022199999999999998
1339,1,1681268610700.0,1095.22,0.9999999999999999,1096.24,0.022199999999999998
1340,1,1681268611000.0,1095.22,0.9999999999999999,1096.23,0.8173
1341,1,1681268611200.0,1095.22,0.9999999999999999,1096.23,0.8173
1342,1,1681268611300.0,1095.22,0.9999999999999999,1096.23,0.8173
1343,1,1681268611400.0,1095.22,0.9999999999999999,1096.22,0.2241
1344,1,1681268611500.0,1095.22,0.9999999999999999,1096.21,0.5516
1345,1,1681268611600.0,1095.22,0.9999999999999999,1096.21,0.5516
1346,1,1681268611700.0,1095.22,0.9999999999999999,1096.2,0.2073
1347,1,1681268611800.0,1095.22,0.9999999999999999,1096.19,0.0123
1348,1,1681268611900.0,1095.22,0.9999999999999999,1096.17,0.549
1349,1,1681268612000.0,1095.22,0.9999999999999999,1096.16,0.2142
1350,1,1681268612100.0,1095.22,0.9999999999999999,1096.16,0.2142
1351,1,1681268612200.0,1095.22,0.9999999999999999,1096.15,0.0054
1352,1,1681268612300.0,1095.22,0.9999999999999999,1096.14,0.55
1353,1,1681268612400.0,1095.22,0.9999999999999999,1096.13,0.2142
1354,1,1681268612700.0,1095.22,0.9999999999999999,1096.11,0.55
1355,1,1681268612900.0,1095.22,0.9999999999999999,1096.1,0.2142
1356,1,1681268613100.0,1095.22,0.9999999999999999,1096.09,1.0413999999999999
1357,1,1681268613200.0,1095.22,0.9999999999999999,1096.08,0.55
1358,1,1681268613300.0,1095.22,0.9999999999999999,1096.08,0.55
1359,1,1681268613400.0,1095.22,0.9999999999999999,1096.08,0.55
1360,1,1681268613500.0,1095.22,0.9999999999999999,1096.07,0.364
1361,1,1681268613600.0,1095.22,0.9999999999999999,1096.06,0.22410000000000002
1362,1,1681268613700.0,1095.22,0.9999999999999999,1096.05,0.439
1363,1,1681268613800.0,1095.22,0.9999999999999999,1096.05,0.439
1364,1,1681268613900.0,1095.22,0.9999999999999999,1096.04,0.2142
1365,1,1681268614100.0,1095.22,0.9999999999999999,1096.03,0.22410000000000002
1366,1,1681268614200.0,1095.22,0.9999999999999999,1096.01,0.439
1367,1,1681268614400.0,1095.22,0.9999999999999999,1096.0,0.2241
1368,1,1681268614500.0,1095.22,0.9999999999999999,1095.98,0.439
1369,1,1681268614600.0,1095.22,0.9999999999999999,1095.97,0.2073
1370,1,1681268614700.0,1095.22,0.9999999999999999,1095.97,0.2073
1371,1,1681268614800.0,1095.22,0.9999999999999999,1095.96,0.0069
1372,1,1681268615000.0,1095.22,0.9999999999999999,1095.94,0.439
1373,1,1681268615200.0,1095.22,0.9999999999999999,1095.93,0.2073
1374,1,1681268615400.0,1095.22,0.9999999999999999,1095.92,0.0069
1375,1,1681268616300.0,1095.22,0.9999999999999999,1095.91,0.439
1376,1,1681268616400.0,1095.22,0.9999999999999999,1095.9,0.2142
1377,1,1681268616500.0,1095.22,0.9999999999999999,1095.9,0.2142
1378,1,1681268616600.0,1095.22,0.9999999999999999,1095.9,0.2142
1379,1,1681268617000.0,1095.22,0.9999999999999999,1095.9,0.2142
1380,1,1681268617400.0,1095.22,0.9999999999999999,1095.88,0.55
1381,1,1681268617600.0,1095.22,0.9999999999999999,1095.86,0.8173
1382,1,1681268617700.0,1095.22,0.9999999999999999,1095.86,0.8173
1383,1,1681268617800.0,1095.22,0.9999999999999999,1095.84,0.22
1384,1,1681268617900.0,1095.22,0.9999999999999999,1095.83,0.0069
1385,1,1681268618100.0,1095.22,0.9999999999999999,1095.83,0.0168
1386,1,1681268618200.0,1095.22,0.9999999999999999,1095.83,0.0168
1387,1,1681268618300.0,1095.22,0.9999999999999999,1095.83,0.0168
1388,1,1681268618500.0,1095.22,0.9999999999999999,1095.83,0.0069
1389,1,1681268618600.0,1095.22,0.9999999999999999,1095.83,0.0069
1390,1,1681268619200.0,1095.22,0.9999999999999999,1095.85,0.0168
1391,1,1681268619300.0,1095.22,0.9999999999999999,1095.85,0.0168
1392,1,1681268619500.0,1095.22,0.9999999999999999,1095.86,0.8173
1393,1,1681268619700.0,1095.22,0.9999999999999999,1095.85,0.0237
1394,1,1681268619800.0,1095.22,0.9999999999999999,1095.86,0.8173
1395,1,1681268620000.0,1095.22,0.9999999999999999,1095.85,0.0237
1396,1,1681268620100.0,1095.22,0.9999999999999999,1095.86,0.8173
1397,1,1681268620200.0,1095.22,0.9999999999999999,1095.86,0.8173
1398,1,1681268620300.0,1095.22,0.9999999999999999,1095.86,0.8173
1399,1,1681268620400.0,1095.22,0.9999999999999999,1095.85,0.0237
1400,1,1681268620600.0,1095.22,0.9999999999999999,1095.86,0.8173
1401,1,1681268620800.0,1095.22,0.9999999999999999,1095.85,0.0237
1402,1,1681268620900.0,1095.22,0.9999999999999999,1095.86,0.8173
1403,1,1681268621000.0,1095.22,0.9999999999999999,1095.85,0.0237
1404,1,1681268621400.0,1095.22,0.9999999999999999,1095.86,0.8173
1405,1,1681268621500.0,1095.22,0.9999999999999999,1095.84,0.8173
1406,1,1681268621600.0,1095.22,0.9999999999999999,1095.84,0.8173
1407,1,1681268621700.0,1095.22,0.9999999999999999,1095.84,0.8173
1408,1,1681268621800.0,1095.22,0.9999999999999999,1095.84,0.8173
1409,1,1681268621900.0,1095.22,0.9999999999999999,1095.83,0.0237
1410,1,1681268622100.0,1095.22,0.9999999999999999,1095.84,0.8173
1411,1,1681268622200.0,1095.22,0.9999999999999999,1095.83,0.0237
1412,1,1681268622400.0,1095.22,0.9999999999999999,1095.83,0.0237
1413,1,1681268622600.0,1095.22,0.9999999999999999,1095.84,0.8173
1414,1,1681268622700.0,1095.22,0.9999999999999999,1095.82,0.8173
1415,1,1681268622800.0,1095.22,0.9999999999999999,1095.82,0.8173
1416,1,1681268622900.0,1095.22,0.9999999999999999,1095.82,0.8173
1417,1,1681268623000.0,1095.22,0.9999999999999999,1095.82,0.8173
1418,1,1681268623100.0,1095.22,0.9999999999999999,1095.8,0.219
1419,1,1681268623200.0,1095.22,0.9999999999999999,1095.8,0.219
1420,1,1681268623300.0,1095.22,0.9999999999999999,1095.8,0.219
1421,1,1681268623400.0,1095.22,0.9999999999999999,1095.79,0.2073
1422,1,1681268623500.0,1095.22,0.9999999999999999,1095.79,0.2073
1423,1,1681268623600.0,1095.22,0.9999999999999999,1095.78,0.0237
1424,1,1681268623700.0,1095.22,0.9999999999999999,1095.77,0.22
1425,1,1681268623800.0,1095.22,0.9999999999999999,1095.77,0.22
1426,1,1681268623900.0,1095.22,0.9999999999999999,1095.76,0.0237
1427,1,1681268624000.0,1095.22,0.9999999999999999,1095.77,0.22
1428,1,1681268624100.0,1095.22,0.9999999999999999,1095.76,0.0237
1429,1,1681268624400.0,1095.22,0.9999999999999999,1095.76,0.0237
1430,1,1681268624500.0,1095.22,0.9999999999999999,1095.77,0.2073
1431,1,1681268624600.0,1095.22,0.9999999999999999,1095.75,0.841
1432,1,1681268625200.0,1095.22,0.9999999999999999,1095.75,0.8172999999999999
1433,1,1681268625600.0,1095.22,0.9999999999999999,1095.75,0.8172999999999999
1434,1,1681268625800.0,1095.22,0.9999999999999999,1095.75,0.8172999999999999
1435,1,1681268625900.0,1095.22,0.9999999999999999,1095.75,0.8172999999999999
1436,1,1681268626000.0,1095.22,0.9999999999999999,1095.75,0.8172999999999999
1437,1,1681268626100.0,1095.22,0.9999999999999999,1095.75,0.8172999999999999
1438,1,1681268626200.0,1095.22,0.9999999999999999,1095.75,0.8172999999999999
1439,1,1681268626300.0,1095.22,0.9999999999999999,1095.75,0.8172999999999999
1440,1,1681268626400.0,1095.22,0.9999999999999999,1095.75,0.8172999999999999
1441,1,1681268626500.0,1095.22,0.9999999999999999,1095.74,0.3808
1442,1,1681268626600.0,1095.22,0.9999999999999999,1095.72,0.44
1443,1,1681268626800.0,1095.22,0.9999999999999999,1095.71,0.3808
1444,1,1681268626900.0,1095.22,0.9999999999999999,1095.71,0.3808
1445,1,1681268627100.0,1095.22,0.9999999999999999,1095.7,0.3571
1446,1,1681268627700.0,1095.22,0.9999999999999999,1095.69,0.0237
1447,1,1681268627800.0,1095.22,0.9999999999999999,1095.68,0.35719999999999996
1448,1,1681268627900.0,1095.22,0.9999999999999999,1095.66,0.33
1449,1,1681268628100.0,1095.22,0.9999999999999999,1095.65,0.3572
1450,1,1681268628200.0,1095.22,0.9999999999999999,1095.64,0.3809
1451,1,1681268628400.0,1095.22,0.9999999999999999,1095.62,0.33
1452,1,1681268628500.0,1095.22,0.9999999999999999,1095.62,0.33
1453,1,1681268628600.0,1095.22,0.9999999999999999,1095.61,0.3809
1454,1,1681268628800.0,1095.22,0.9999999999999999,1095.6,0.35719999999999996
1455,1,1681268628900.0,1095.22,0.9999999999999999,1095.58,0.2311
1456,1,1681268629000.0,1095.22,0.9999999999999999,1095.57,0.063
1457,1,1681268629100.0,1095.22,0.9999999999999999,1095.57,0.063
1458,1,1681268629300.0,1095.22,0.9999999999999999,1095.55,0.33
1459,1,1681268629600.0,1095.22,0.9999999999999999,1095.54,0.2311
1460,1,1681268629700.0,1095.22,0.9999999999999999,1095.54,0.2311
1461,1,1681268629800.0,1095.22,0.9999999999999999,1095.53,0.2074
1462,1,1681268630000.0,1095.22,0.7681999999999999,1095.52,0.33
1463,1,1681268630100.0,1095.22,0.7681999999999999,1095.51,0.2074
1464,1,1681268630300.0,1095.22,0.7681999999999999,1095.51,0.2074
1465,1,1681268630400.0,1095.22,0.7681999999999999,1095.5,0.0237
1466,1,1681268630500.0,1095.22,0.7681999999999999,1095.5,0.0237
1467,1,1681268630600.0,1095.22,0.7681999999999999,1095.49,0.2074
1468,1,1681268630700.0,1095.22,0.7681999999999999,1095.48,0.0088
1469,1,1681268630800.0,1095.22,0.7681999999999999,1095.48,0.0237
1470,1,1681268630900.0,1095.22,0.7681999999999999,1095.47,0.2075
1471,1,1681268631000.0,1095.22,0.7681999999999999,1095.46,0.0237
1472,1,1681268631500.0,1095.22,0.7681999999999999,1095.44,0.0412
1473,1,1681268631700.0,1095.22,0.7681999999999999,1095.43,0.2075
1474,1,1681268631800.0,1095.22,0.7681999999999999,1095.42,0.0237
1475,1,1681268631900.0,1095.22,0.7681999999999999,1095.43,0.2075
1476,1,1681268632100.0,1095.22,0.7681999999999999,1095.42,0.0237
1477,1,1681268632600.0,1095.22,0.7681999999999999,1095.42,0.0237
1478,1,1681268632900.0,1095.22,0.7681999999999999,1095.43,0.2075
1479,1,1681268633000.0,1095.22,0.7681999999999999,1095.43,0.2075
1480,1,1681268633200.0,1095.22,0.7681999999999999,1095.42,0.0157
1481,1,1681268633300.0,1095.22,0.7681999999999999,1095.42,0.0237
1482,1,1681268633400.0,1095.22,0.7681999999999999,1095.43,0.2075
1483,1,1681268633600.0,1095.22,0.7681999999999999,1095.42,0.0402
1484,1,1681268633800.0,1095.22,0.7681999999999999,1095.42,0.0639
1485,1,1681268634200.0,1095.22,0.7681999999999999,1095.42,0.0639
1486,1,1681268634400.0,1095.22,0.7681999999999999,1095.42,0.0402
1487,1,1681268635400.0,1095.22,0.7681999999999999,1095.42,0.0237
1488,1,1681268635800.0,1095.22,0.7681999999999999,1095.47,0.2075
1489,1,1681268636000.0,1095.22,0.7681999999999999,1095.46,0.0237
1490,1,1681268636200.0,1095.22,0.7681999999999999,1095.46,0.0237
1491,1,1681268636400.0,1095.22,0.7681999999999999,1095.47,0.2075
1492,1,1681268636500.0,1095.22,0.7681999999999999,1095.46,0.0237
1493,1,1681268636600.0,1095.22,0.7681999999999999,1095.47,0.2075
1494,1,1681268636800.0,1095.22,0.7681999999999999,1095.46,0.0237
1495,1,1681268637000.0,1095.22,0.7681999999999999,1095.45,0.2075
1496,1,1681268637400.0,1095.22,0.7681999999999999,1095.44,0.0237
1497,1,1681268637600.0,1095.22,0.7681999999999999,1095.45,0.2075
1498,1,1681268637700.0,1095.22,0.7681999999999999,1095.44,0.0157
1499,1,1681268637900.0,1095.22,0.7681999999999999,1095.45,0.2075
1500,1,1681268638000.0,1095.22,0.7681999999999999,1095.44,0.0157
1501,1,1681268638500.0,1095.22,0.7681999999999999,1095.45,0.2075
1502,1,1681268638600.0,1095.22,0.7681999999999999,1095.44,0.0402
1503,1,1681268638700.0,1095.22,0.7681999999999999,1095.44,0.0639
1504,1,1681268638900.0,1095.22,0.7681999999999999,1095.44,0.0402
1505,1,1681268639100.0,1095.22,0.7681999999999999,1095.44,0.0639
1506,1,1681268639300.0,1095.22,0.7681999999999999,1095.44,0.0639
1507,1,1681268639400.0,1095.22,0.7681999999999999,1095.44,0.0402
1508,1,1681268639500.0,1095.22,0.7681999999999999,1095.44,0.0402
1509,1,1681268639600.0,1095.22,0.7681999999999999,1095.44,0.0402
1510,1,1681268639700.0,1095.22,0.7681999999999999,1095.44,0.0639
1511,1,1681268639800.0,1095.22,0.7681999999999999,1095.44,0.0402
1512,1,1681268639900.0,1095.22,0.7681999999999999,1095.44,0.0639
1513,1,1681268640300.0,1095.22,0.7681999999999999,1095.44,0.0237
1514,1,1681268640600.0,1095.22,0.7681999999999999,1095.75,0.1499
1515,1,1681268640700.0,1095.22,0.7681999999999999,1095.75,0.1499
1516,1,1681268640800.0,1095.22,0.7681999999999999,1095.75,0.1499
1517,1,1681268641000.0,1095.22,0.7681999999999999,1095.75,0.1499
1518,1,1681268641100.0,1095.22,0.7681999999999999,1095.75,0.1499
1519,1,1681268641200.0,1095.22,0.7681999999999999,1095.75,0.1499
1520,1,1681268641400.0,1095.22,0.7681999999999999,1095.82,0.109
1521,1,1681268641500.0,1095.22,0.7681999999999999,1095.82,0.109
1522,1,1681268641600.0,1095.22,0.7681999999999999,1095.82,0.109
1523,1,1681268641700.0,1095.22,0.7681999999999999,1095.82,0.109
1524,1,1681268641800.0,1095.22,0.7681999999999999,1095.82,0.109
1525,1,1681268641900.0,1095.22,0.7681999999999999,1095.82,0.109
1526,1,1681268642000.0,1095.22,0.7681999999999999,1095.82,0.109
1527,1,1681268642100.0,1095.22,0.7681999999999999,1095.83,0.016800000000000002
1528,1,1681268642200.0,1095.22,0.7681999999999999,1095.83,0.016800000000000002
1529,1,1681268642400.0,1095.22,0.7681999999999999,1095.83,0.006900000000000003
1530,1,1681268642500.0,1095.22,0.7681999999999999,1095.83,0.006900000000000003
1531,1,1681268642700.0,1095.22,0.7681999999999999,1095.83,0.016800000000000002
1532,1,1681268642900.0,1095.22,0.7681999999999999,1095.82,0.8173
1533,1,1681268643000.0,1095.22,0.7681999999999999,1095.82,0.8173
1534,1,1681268643500.0,1095.22,0.7681999999999999,1095.81,0.0069
1535,1,1681268643900.0,1095.22,0.7681999999999999,1095.81,0.0069
1536,1,1681268644100.0,1095.22,0.7681999999999999,1095.81,0.0069
1537,1,1681268644200.0,1095.22,0.7681999999999999,1095.81,0.0069
1538,1,1681268644300.0,1095.22,0.7681999999999999,1095.81,0.0069
1539,1,1681268644400.0,1095.22,0.7681999999999999,1095.81,0.0168
1540,1,1681268644500.0,1095.22,0.7681999999999999,1095.81,0.0168
1541,1,1681268644600.0,1095.22,0.7681999999999999,1095.81,0.0168
1542,1,1681268644700.0,1095.22,0.7681999999999999,1095.81,0.0069
1543,1,1681268644900.0,1095.22,0.7681999999999999,1095.81,0.0069
1544,1,1681268645000.0,1095.22,0.7681999999999999,1095.81,0.0069
1545,1,1681268645100.0,1095.22,0.7681999999999999,1095.81,0.0069
1546,1,1681268645200.0,1095.22,0.7681999999999999,1095.81,0.006900000000000003
1547,1,1681268645400.0,1095.22,0.7681999999999999,1096.15,0.0222
1548,1,1681268645500.0,1095.22,0.7681999999999999,1096.15,0.0222
1549,1,1681268645700.0,1095.22,0.7681999999999999,1096.15,0.0069
1550,1,1681268645800.0,1095.22,0.7681999999999999,1096.15,0.0168
1551,1,1681268646000.0,1095.22,0.7681999999999999,1096.15,0.0069
1552,1,1681268646200.0,1095.22,0.7681999999999999,1096.15,0.0168
1553,1,1681268646400.0,1095.22,0.7681999999999999,1096.15,0.0069
1554,1,1681268646500.0,1095.22,0.7681999999999999,1096.15,0.0168
1555,1,1681268646600.0,1095.22,0.7681999999999999,1096.15,0.0069
1556,1,1681268646800.0,1095.22,0.7681999999999999,1096.14,0.8173
1557,1,1681268647000.0,1095.22,0.7681999999999999,1096.14,0.8173
1558,1,1681268647100.0,1095.22,0.7681999999999999,1096.13,0.0157
1559,1,1681268647200.0,1095.22,0.7681999999999999,1096.14,0.8173
1560,1,1681268647300.0,1095.22,0.7681999999999999,1096.13,0.0157
1561,1,1681268647400.0,1095.22,0.7681999999999999,1096.14,0.8173
1562,1,1681268647500.0,1095.22,0.7681999999999999,1096.13,0.0157
1563,1,1681268647600.0,1095.22,0.7681999999999999,1096.13,0.008
1564,1,1681268647700.0,1095.22,0.7681999999999999,1096.13,0.008
1565,1,1681268647800.0,1095.22,0.7681999999999999,1096.13,0.0157
1566,1,1681268647900.0,1095.22,0.7681999999999999,1096.12,0.2075
1567,1,1681268648000.0,1095.22,0.7681999999999999,1096.12,0.2075
1568,1,1681268648100.0,1095.22,0.7681999999999999,1096.1,0.221
1569,1,1681268648200.0,1095.22,0.7681999999999999,1096.11,0.0157
1570,1,1681268648300.0,1095.22,0.7681999999999999,1096.11,0.0157
1571,1,1681268648500.0,1095.22,0.7681999999999999,1096.11,0.008
1572,1,1681268648600.0,1095.22,0.7681999999999999,1096.11,0.22319999999999998
1573,1,1681268648800.0,1095.22,0.7681999999999999,1096.1,0.008
1574,1,1681268648900.0,1095.22,0.7681999999999999,1096.1,0.0157
1575,1,1681268649000.0,1095.22,0.7681999999999999,1096.09,0.8173
1576,1,1681268649100.0,1095.22,0.7681999999999999,1096.09,0.8173
1577,1,1681268649300.0,1095.22,0.7681999999999999,1096.08,0.008
1578,1,1681268649500.0,1095.22,0.7681999999999999,1096.08,0.0157
1579,1,1681268650200.0,1095.22,0.7681999999999999,1096.08,0.006899999999999998
1580,1,1681268650400.0,1095.22,0.7681999999999999,1096.08,0.0168
1581,1,1681268650500.0,1095.22,0.7681999999999999,1096.08,0.0069
1582,1,1681268650600.0,1095.22,0.7681999999999999,1096.08,0.0168
