,date,timestamp,bid_0_px,bid_0_qty,ask_0_px,ask_0_qty
0,1,1681264799900.0,1111.11,0.0131,1113.1,0.0066
1,1,1681264800000.0,1111.11,0.0131,1113.1,0.0078
2,1,1681264800300.0,1111.11,0.0131,1113.1,0.0066
3,1,1681264800500.0,1111.11,0.0131,1113.09,0.377
4,1,1681264800600.0,1111.11,0.0131,1113.08,0.39459999999999995
5,1,1681264800800.0,1111.11,0.0131,1113.07,0.0066
6,1,1681264801400.0,1111.11,0.0131,1113.08,0.3868
7,1,1681264801500.0,1111.11,0.0131,1113.07,0.0078
8,1,1681264801700.0,1111.11,0.0131,1113.07,0.0078
9,1,1681264801800.0,1111.11,0.0131,1113.07,0.0078
10,1,1681264801900.0,1111.11,0.0131,1113.07,0.0078
11,1,1681264802000.0,1111.11,0.0131,1113.07,0.0078
12,1,1681264802100.0,1111.11,0.0131,1113.07,0.0078
13,1,1681264802200.0,1111.11,0.0131,1113.06,0.267
14,1,1681264802300.0,1111.09,0.0053,1113.05,0.0066
15,1,1681264802400.0,1111.09,0.0053,1113.05,0.0066
16,1,1681264802500.0,1111.09,0.0053,1113.05,0.0078
17,1,1681264802600.0,1111.09,0.0053,1113.05,0.0078
18,1,1681264802700.0,1111.09,0.0053,1113.05,0.0066
19,1,1681264802800.0,1111.09,0.0053,1113.05,0.0078
20,1,1681264802900.0,1111.09,0.0053,1113.05,0.0066
21,1,1681264803100.0,1111.09,0.0053,1113.05,0.0078
22,1,1681264803400.0,1111.09,0.0053,1113.05,0.0078
23,1,1681264803500.0,1111.09,0.0053,1113.05,0.0078
24,1,1681264803600.0,1111.09,0.0053,1113.05,0.0066
25,1,1681264803700.0,1111.09,0.0053,1113.04,0.3868
26,1,1681264803800.0,1111.09,0.0053,1113.02,0.267
27,1,1681264803900.0,1111.09,0.0053,1113.02,0.267
28,1,1681264804000.0,1111.09,0.0053,1113.01,0.0078
29,1,1681264804100.0,1111.09,0.0053,1113.01,0.0066
30,1,1681264804400.0,1111.09,0.0053,1113.01,0.0066
31,1,1681264804500.0,1111.09,0.0053,1113.01,0.1446
32,1,1681264804600.0,1111.09,0.0053,1113.0,0.1446
33,1,1681264804700.0,1111.09,0.0053,1113.0,0.1446
34,1,1681264804800.0,1111.09,0.0053,1113.0,0.1446
35,1,1681264804900.0,1111.09,0.0053,1113.0,0.1235
36,1,1681264805000.0,1111.09,0.0053,1112.99,0.1446
37,1,1681264805100.0,1111.09,0.0053,1112.99,0.1446
38,1,1681264805200.0,1111.09,0.0053,1112.99,0.1512
39,1,1681264805400.0,1111.09,0.0053,1112.98,0.487
40,1,1681264805500.0,1111.09,0.0053,1112.98,0.487
41,1,1681264805600.0,1111.09,0.0053,1112.98,0.6039
42,1,1681264805700.0,1111.09,0.0053,1112.97,0.3868
43,1,1681264806000.0,1111.09,0.0053,1112.96,0.1524
44,1,1681264806100.0,1111.09,0.0053,1112.95,0.487
45,1,1681264806400.0,1111.09,0.0053,1112.94,0.2681
46,1,1681264806500.0,1111.09,0.0053,1112.93,0.2693
47,1,1681264806600.0,1111.09,0.0053,1112.91,0.487
48,1,1681264806700.0,1111.09,0.0053,1112.9,0.1524
49,1,1681264806800.0,1111.09,0.0053,1112.89,0.1446
50,1,1681264806900.0,1111.09,0.0053,1112.89,0.1446
51,1,1681264807100.0,1111.09,0.0053,1112.89,0.1446
52,1,1681264807400.0,1111.09,0.0053,1112.89,0.1446
53,1,1681264807500.0,1111.09,0.0053,1112.89,0.1446
54,1,1681264807600.0,1111.09,0.0053,1112.89,0.1446
55,1,1681264807700.0,1111.09,0.0053,1112.89,0.1446
56,1,1681264807800.0,1111.09,0.0053,1112.89,0.1446
57,1,1681264808000.0,1111.09,0.0053,1112.89,0.1446
58,1,1681264808100.0,1111.09,0.0053,1112.89,0.1446
59,1,1681264808400.0,1111.09,0.0053,1112.89,0.1446
60,1,1681264808500.0,1111.09,0.0053,1112.88,0.3868
61,1,1681264808600.0,1111.09,0.0053,1112.87,0.0144
62,1,1681264808800.0,1111.09,0.0053,1112.87,0.267
63,1,1681264809100.0,1111.09,0.0053,1112.86,0.0144
64,1,1681264809200.0,1111.09,0.0053,1112.87,0.267
65,1,1681264809300.0,1111.09,0.0053,1112.86,0.0144
66,1,1681264809500.0,1111.09,0.0053,1112.87,0.267
67,1,1681264809600.0,1111.99,0.0078,1112.84,0.61
68,1,1681264809700.0,1110.53,0.0053,1112.83,0.3156
69,1,1681264809800.0,1110.53,0.0053,1112.81,0.678
70,1,1681264809900.0,1110.53,0.0053,1112.8,0.1446
71,1,1681264810000.0,1110.53,0.0053,1112.79,0.1492
72,1,1681264810100.0,1110.53,0.0053,1112.79,0.2938
73,1,1681264810200.0,1110.53,0.0053,1112.79,0.2938
74,1,1681264810300.0,1110.53,0.0053,1112.77,0.678
75,1,1681264810400.0,1110.53,0.0053,1112.77,0.678
76,1,1681264810500.0,1110.53,0.0053,1112.76,0.2938
77,1,1681264810600.0,1110.53,0.0053,1112.74,0.678
78,1,1681264810700.0,1110.53,0.0053,1112.74,0.678
79,1,1681264810800.0,1110.53,0.0053,1112.73,0.2794
80,1,1681264810900.0,1110.53,0.0053,1112.73,0.2794
81,1,1681264811000.0,1110.53,0.0053,1112.71,0.678
82,1,1681264811100.0,1110.53,0.0053,1112.71,0.8128000000000001
83,1,1681264811200.0,1110.53,0.0053,1112.71,0.8128000000000001
84,1,1681264811300.0,1110.53,0.0053,1112.7,0.1492
85,1,1681264811500.0,1110.53,0.0053,1112.68,0.646
86,1,1681264811600.0,1110.53,0.0053,1112.67,0.0144
87,1,1681264811700.0,1110.53,0.0053,1112.66,0.1348
88,1,1681264811800.0,1110.53,0.0053,1112.65,0.546
89,1,1681264811900.0,1110.53,0.0053,1112.64,0.1348
90,1,1681264812000.0,1110.53,0.0053,1112.63,0.3868
91,1,1681264812100.0,1110.53,0.0053,1112.61,0.549
92,1,1681264812500.0,1110.53,0.0053,1112.61,0.549
93,1,1681264812600.0,1110.53,0.0053,1112.61,0.549
94,1,1681264812700.0,1110.53,0.0053,1112.61,0.549
95,1,1681264812800.0,1110.53,0.0053,1112.61,0.549
96,1,1681264812900.0,1110.53,0.0053,1112.6,0.1348
97,1,1681264813000.0,1110.53,0.0053,1112.6,0.1348
98,1,1681264813200.0,1110.53,0.0053,1112.6,0.1348
99,1,1681264813300.0,1110.53,0.0053,1112.6,0.1348
100,1,1681264813400.0,1110.53,0.0053,1112.6,0.1414
101,1,1681264813500.0,1110.53,0.0053,1112.6,0.1414
102,1,1681264813600.0,1110.53,0.0053,1112.59,0.1348
103,1,1681264813700.0,1110.53,0.0053,1112.59,0.1348
104,1,1681264813800.0,1110.53,0.0053,1112.58,0.7211000000000001
105,1,1681264813900.0,1110.54,0.0053,1112.57,0.3868
106,1,1681264814000.0,1110.33,0.0053,1112.55,0.678
107,1,1681264814100.0,1110.33,0.0053,1112.55,0.678
108,1,1681264814200.0,1110.33,0.0053,1112.55,0.678
109,1,1681264814300.0,1110.03,0.001,1112.54,0.347
110,1,1681264814400.0,1110.03,0.001,1112.53,0.3711
111,1,1681264814500.0,1110.03,0.001,1112.51,0.678
112,1,1681264814700.0,1110.03,0.001,1112.5,0.3789
113,1,1681264814800.0,1110.03,0.001,1112.49,0.3392
114,1,1681264814900.0,1110.03,0.001,1112.49,0.3392
115,1,1681264815000.0,1110.03,0.001,1112.47,0.678
116,1,1681264815100.0,1110.03,0.001,1112.46,0.3841
117,1,1681264815400.0,1110.03,0.001,1112.44,0.678
118,1,1681264815500.0,1110.03,0.001,1112.43,0.3841
119,1,1681264815600.0,1110.03,0.001,1112.41,0.678
120,1,1681264815700.0,1110.03,0.001,1112.4,0.33909999999999996
121,1,1681264815800.0,1110.03,0.001,1112.38,0.678
122,1,1681264815900.0,1110.03,0.001,1112.37,0.3841
123,1,1681264816100.0,1110.03,0.001,1112.36,0.3352
124,1,1681264816200.0,1110.03,0.001,1112.35,0.678
125,1,1681264816300.0,1110.03,0.001,1112.34,0.3868
126,1,1681264816400.0,1110.03,0.001,1112.33,0.3841
127,1,1681264816500.0,1110.03,0.001,1112.31,0.678
128,1,1681264816600.0,1110.03,0.001,1112.3,0.33909999999999996
129,1,1681264816700.0,1110.03,0.001,1112.29,0.3352
130,1,1681264816900.0,1110.03,0.001,1112.27,0.678
131,1,1681264817000.0,1110.03,0.001,1112.26,0.34299999999999997
132,1,1681264817100.0,1110.03,0.001,1112.25,0.3313
133,1,1681264817200.0,1110.03,0.001,1112.24,0.678
134,1,1681264817500.0,1110.03,0.001,1112.23,0.34299999999999997
135,1,1681264817600.0,1110.03,0.001,1112.22,0.33130000000000004
136,1,1681264817700.0,1110.03,0.001,1112.2,0.678
137,1,1681264817800.0,1110.03,0.001,1112.19,0.33909999999999996
138,1,1681264817900.0,1110.03,0.001,1112.18,0.3427
139,1,1681264818000.0,1110.03,0.001,1112.16,0.36100000000000004
140,1,1681264818200.0,1110.03,0.001,1112.16,0.36100000000000004
141,1,1681264818300.0,1110.03,0.001,1112.16,0.36100000000000004
142,1,1681264818500.0,1110.03,0.001,1112.14,0.678
143,1,1681264818600.0,1110.03,0.001,1112.13,0.361
144,1,1681264818900.0,1110.03,0.001,1112.12,0.3571
145,1,1681264819000.0,1110.03,0.001,1112.12,0.3571
146,1,1681264819100.0,1110.03,0.001,1112.12,0.3571
147,1,1681264819200.0,1110.03,0.001,1112.12,0.3571
148,1,1681264819300.0,1110.03,0.001,1112.11,0.678
149,1,1681264819400.0,1110.03,0.001,1112.11,0.678
150,1,1681264819500.0,1110.03,0.001,1112.1,0.361
151,1,1681264819900.0,1110.03,0.001,1112.09,0.1651
152,1,1681264820000.0,1110.03,0.001,1112.08,0.0183
153,1,1681264820100.0,1110.03,0.001,1112.07,0.651
154,1,1681264820200.0,1110.03,0.001,1112.07,0.651
155,1,1681264820300.0,1110.03,0.001,1112.07,0.651
156,1,1681264820400.0,1110.03,0.001,1112.06,0.022199999999999998
157,1,1681264820500.0,1110.03,0.001,1112.06,0.018299999999999997
158,1,1681264820600.0,1110.03,0.001,1112.06,0.03269999999999999
159,1,1681264820700.0,1110.03,0.001,1112.06,0.018299999999999993
160,1,1681264820800.0,1110.03,0.001,1112.05,0.321
161,1,1681264820900.0,1110.03,0.001,1112.04,0.0222
162,1,1681264821000.0,1110.03,0.001,1112.03,0.622
163,1,1681264821100.0,1110.03,0.001,1112.02,0.0222
164,1,1681264821200.0,1110.03,0.001,1112.02,0.0183
165,1,1681264821900.0,1110.03,0.001,1112.02,0.0183
166,1,1681264822000.0,1110.03,0.001,1112.02,0.0183
167,1,1681264822100.0,1110.03,0.001,1112.02,0.0327
168,1,1681264822500.0,1110.03,0.001,1112.02,0.0327
169,1,1681264822600.0,1110.03,0.001,1112.02,0.0327
170,1,1681264822700.0,1110.03,0.001,1112.0,0.678
171,1,1681264822800.0,1110.03,0.001,1111.99,0.3539
172,1,1681264822900.0,1110.03,0.001,1111.97,0.678
173,1,1681264823000.0,1110.03,0.001,1111.96,0.3583
174,1,1681264823100.0,1110.03,0.001,1111.95,0.1678
175,1,1681264823200.0,1110.03,0.001,1111.95,0.1678
176,1,1681264823300.0,1110.03,0.001,1111.95,0.1678
177,1,1681264823400.0,1110.03,0.001,1111.95,0.1678
178,1,1681264823500.0,1110.03,0.001,1111.94,0.1663
179,1,1681264823700.0,1110.03,0.001,1111.92,0.678
180,1,1681264823900.0,1110.03,0.001,1111.91,0.026099999999999998
181,1,1681264824000.0,1110.03,0.001,1111.91,0.026099999999999998
182,1,1681264824100.0,1110.03,0.001,1111.91,0.026099999999999998
183,1,1681264824200.0,1110.03,0.001,1111.91,0.026099999999999998
184,1,1681264824300.0,1110.03,0.001,1111.91,0.2076
185,1,1681264824400.0,1110.03,0.001,1111.91,0.2076
186,1,1681264824500.0,1110.03,0.001,1111.9,0.0105
187,1,1681264824600.0,1110.03,0.001,1111.9,0.0105
188,1,1681264824700.0,1110.03,0.001,1111.9,0.0105
189,1,1681264824800.0,1110.03,0.001,1111.9,0.0105
190,1,1681264824900.0,1110.03,0.001,1111.9,0.0105
191,1,1681264825000.0,1110.03,0.001,1111.9,0.0105
192,1,1681264825100.0,1110.03,0.001,1111.89,0.3539
193,1,1681264825200.0,1110.03,0.001,1111.89,0.3539
194,1,1681264825300.0,1110.03,0.001,1111.89,0.3539
195,1,1681264825400.0,1110.03,0.001,1111.87,0.678
196,1,1681264825800.0,1110.03,0.001,1111.87,0.678
197,1,1681264825900.0,1110.03,0.001,1111.86,0.0249
198,1,1681264826400.0,1110.03,0.001,1111.86,0.0249
199,1,1681264826500.0,1110.03,0.001,1111.86,0.0249
200,1,1681264826600.0,1110.03,0.001,1111.86,0.0249
201,1,1681264826700.0,1110.03,0.001,1111.86,0.018299999999999997
202,1,1681264826800.0,1110.03,0.001,1111.86,0.026099999999999998
203,1,1681264827000.0,1110.03,0.001,1111.86,0.0249
204,1,1681264827100.0,1110.03,0.001,1111.85,0.3539
205,1,1681264827400.0,1110.03,0.001,1111.83,0.678
206,1,1681264827500.0,1110.03,0.001,1111.83,0.678
207,1,1681264827600.0,1110.03,0.001,1111.82,0.0249
208,1,1681264827700.0,1110.03,0.001,1111.82,0.36760000000000004
209,1,1681264827800.0,1110.03,0.001,1111.8,0.678
210,1,1681264827900.0,1110.03,0.001,1111.8,0.8949
211,1,1681264828000.0,1110.03,0.001,1111.79,0.35050000000000003
212,1,1681264828100.0,1110.03,0.001,1111.78,0.1756
213,1,1681264828200.0,1110.03,0.001,1111.78,0.36760000000000004
214,1,1681264828300.0,1110.03,0.001,1111.77,0.629
215,1,1681264828400.0,1110.03,0.001,1111.76,0.3583
216,1,1681264828600.0,1110.03,0.001,1111.75,0.1678
217,1,1681264828700.0,1110.03,0.001,1111.73,0.678
218,1,1681264828800.0,1110.03,0.001,1111.72,0.0249
219,1,1681264828900.0,1110.03,0.001,1111.72,0.026099999999999998
220,1,1681264829000.0,1110.03,0.001,1111.72,0.1756
221,1,1681264829100.0,1110.03,0.001,1111.71,0.3617
222,1,1681264829300.0,1110.03,0.001,1111.69,0.678
223,1,1681264829400.0,1110.03,0.001,1111.68,0.0156
224,1,1681264829600.0,1110.03,0.001,1111.68,0.2076
225,1,1681264829700.0,1110.03,0.001,1111.67,0.0171
226,1,1681264829800.0,1110.03,0.001,1111.67,0.0171
227,1,1681264829900.0,1110.03,0.001,1111.65,0.629
228,1,1681264830000.0,1110.03,0.001,1111.65,0.629
229,1,1681264830200.0,1110.03,0.001,1111.65,0.629
230,1,1681264830400.0,1110.03,0.001,1111.64,0.0171
231,1,1681264830500.0,1110.03,0.001,1111.64,0.018299999999999997
232,1,1681264830600.0,1110.03,0.001,1111.64,0.017099999999999997
233,1,1681264830700.0,1110.03,0.001,1111.64,0.018299999999999997
234,1,1681264830900.0,1110.03,0.001,1111.64,0.018299999999999997
235,1,1681264831000.0,1110.03,0.001,1111.64,0.018299999999999997
236,1,1681264831400.0,1110.03,0.001,1111.64,0.017099999999999997
237,1,1681264831500.0,1110.03,0.001,1111.63,0.3539
238,1,1681264831600.0,1110.03,0.001,1111.63,0.3539
239,1,1681264831700.0,1110.03,0.001,1111.6,0.026099999999999998
240,1,1681264831900.0,1110.03,0.001,1111.6,0.0249
241,1,1681264832100.0,1110.03,0.001,1111.6,0.026099999999999998
242,1,1681264832200.0,1110.03,0.001,1111.6,0.0249
243,1,1681264833000.0,1110.03,0.001,1111.6,0.1768
244,1,1681264833200.0,1110.03,0.001,1111.6,0.3688
245,1,1681264833500.0,1110.03,0.001,1111.59,0.0066
246,1,1681264833800.0,1110.03,0.001,1111.58,0.629
247,1,1681264833900.0,1110.03,0.001,1111.57,0.1651
248,1,1681264834000.0,1110.03,0.001,1111.56,0.3722
249,1,1681264834400.0,1110.03,0.001,1111.54,0.444
250,1,1681264834500.0,1110.03,0.001,1111.54,0.636
251,1,1681264834600.0,1110.03,0.001,1111.52,0.21030000000000001
252,1,1681264834700.0,1110.03,0.001,1111.51,0.5544
253,1,1681264834800.0,1110.03,0.001,1111.5,0.0078
254,1,1681264834900.0,1110.03,0.001,1111.5,0.017099999999999997
255,1,1681264835000.0,1110.03,0.001,1111.5,0.017099999999999997
256,1,1681264835100.0,1110.03,0.001,1111.5,0.018299999999999997
257,1,1681264835200.0,1110.03,0.001,1111.5,0.3598
258,1,1681264835300.0,1110.03,0.001,1111.5,0.3598
259,1,1681264835400.0,1110.03,0.001,1111.49,0.0156
260,1,1681264835500.0,1110.03,0.001,1111.47,0.35050000000000003
261,1,1681264835600.0,1110.03,0.001,1111.47,0.35050000000000003
262,1,1681264835700.0,1110.03,0.001,1111.46,0.3505
263,1,1681264835800.0,1110.03,0.001,1111.46,0.3505
264,1,1681264836300.0,1110.03,0.001,1111.44,0.615
265,1,1681264836400.0,1110.03,0.001,1111.43,0.3754
266,1,1681264836500.0,1110.03,0.001,1111.43,0.3754
267,1,1681264836600.0,1110.03,0.001,1111.42,0.3427
268,1,1681264836800.0,1110.03,0.001,1111.42,0.3427
269,1,1681264836900.0,1110.03,0.001,1111.39,0.5124
270,1,1681264837000.0,1110.03,0.001,1111.37,0.505
271,1,1681264837100.0,1110.03,0.001,1111.37,0.505
272,1,1681264837300.0,1110.03,0.001,1111.36,0.1507
273,1,1681264837400.0,1110.03,0.001,1111.36,0.1585
274,1,1681264837500.0,1110.03,0.001,1111.34,0.505
275,1,1681264837600.0,1110.03,0.001,1111.34,0.505
276,1,1681264837900.0,1110.03,0.001,1111.33,0.1507
277,1,1681264838000.0,1110.03,0.001,1111.33,0.1507
278,1,1681264838300.0,1110.03,0.001,1111.33,0.1585
279,1,1681264838500.0,1110.03,0.001,1111.32,0.010499999999999999
280,1,1681264838600.0,1110.03,0.001,1111.31,0.505
281,1,1681264838700.0,1110.03,0.001,1111.3,0.022199999999999998
282,1,1681264838800.0,1110.03,0.001,1111.3,0.0183
283,1,1681264839200.0,1110.03,0.001,1111.3,0.0327
284,1,1681264839800.0,1110.03,0.001,1111.3,0.0327
285,1,1681264840000.0,1110.03,0.001,1111.3,0.0183
286,1,1681264840100.0,1110.03,0.001,1111.3,0.0327
287,1,1681264840300.0,1110.03,0.001,1111.3,0.0327
288,1,1681264840600.0,1110.03,0.001,1111.3,0.0183
289,1,1681264840700.0,1110.03,0.001,1111.3,0.0327
290,1,1681264840900.0,1110.03,0.001,1111.3,0.0183
291,1,1681264841000.0,1110.03,0.001,1111.3,0.0327
292,1,1681264841200.0,1110.03,0.001,1111.3,0.0327
293,1,1681264841400.0,1110.03,0.001,1111.3,0.0183
294,1,1681264841500.0,1110.03,0.001,1111.3,0.0327
295,1,1681264841600.0,1110.03,0.001,1111.3,0.0183
296,1,1681264841700.0,1110.03,0.001,1111.3,0.0327
297,1,1681264841800.0,1110.03,0.001,1111.3,0.0183
298,1,1681264842000.0,1110.03,0.001,1111.3,0.0327
299,1,1681264842100.0,1110.03,0.001,1111.3,0.0327
300,1,1681264842200.0,1110.04,0.001,1111.3,0.0327
301,1,1681264842300.0,1110.04,0.001,1112.81,0.0078
302,1,1681264842400.0,1110.04,0.001,1112.81,0.0078
303,1,1681264842500.0,1110.04,0.001,1112.8,0.3002
304,1,1681264842600.0,1110.04,0.001,1112.79,0.308
305,1,1681264842700.0,1110.04,0.001,1112.78,0.3251
306,1,1681264842900.0,1110.04,0.001,1112.77,0.308
307,1,1681264843000.0,1110.04,0.001,1112.75,0.1402
308,1,1681264843100.0,1110.04,0.001,1112.75,0.308
309,1,1681264843200.0,1110.04,0.001,1112.74,0.3251
310,1,1681264843300.0,1110.04,0.001,1112.74,0.3251
311,1,1681264843400.0,1110.04,0.001,1112.73,0.308
312,1,1681264843500.0,1110.04,0.001,1112.73,0.308
313,1,1681264843600.0,1110.04,0.001,1112.73,0.308
314,1,1681264843700.0,1110.04,0.001,1112.72,0.3251
315,1,1681264843800.0,1110.04,0.001,1112.71,0.1678
316,1,1681264843900.0,1110.04,0.001,1112.71,0.3224
317,1,1681264844000.0,1110.04,0.001,1112.69,0.3224
318,1,1681264844200.0,1110.04,0.001,1112.68,0.3107
319,1,1681264844400.0,1110.04,0.001,1112.68,0.3107
320,1,1681264844500.0,1110.04,0.001,1112.67,0.3224
321,1,1681264844600.0,1110.04,0.001,1112.67,0.3224
322,1,1681264844700.0,1110.04,0.001,1112.66,0.3251
323,1,1681264844800.0,1110.04,0.001,1112.65,0.308
324,1,1681264844900.0,1110.04,0.001,1112.64,0.1822
325,1,1681264845000.0,1110.04,0.001,1112.63,0.3868
326,1,1681264845100.0,1110.04,0.001,1112.63,0.6948
327,1,1681264845300.0,1110.04,0.001,1112.62,0.32510000000000006
328,1,1681264845900.0,1110.04,0.001,1112.62,0.02490000000000006
329,1,1681264846000.0,1110.04,0.001,1112.62,0.02490000000000006
330,1,1681264846100.0,1110.04,0.001,1112.62,0.02490000000000006
331,1,1681264846200.0,1110.04,0.001,1112.62,0.02490000000000006
332,1,1681264846300.0,1110.04,0.001,1112.61,0.3002
333,1,1681264846400.0,1110.04,0.001,1112.61,0.308
334,1,1681264846700.0,1110.04,0.001,1112.6,0.3146
335,1,1681264846800.0,1110.04,0.001,1112.59,0.6948000000000001
336,1,1681264846900.0,1110.04,0.001,1112.58,0.31460000000000005
337,1,1681264847000.0,1110.04,0.001,1112.57,0.308
338,1,1681264847100.0,1110.04,0.001,1112.56,0.3146
339,1,1681264847400.0,1110.04,0.001,1112.55,0.308
340,1,1681264847500.0,1110.04,0.001,1112.54,0.3251
341,1,1681264847700.0,1110.04,0.001,1112.52,0.3251
342,1,1681264847800.0,1110.04,0.001,1112.51,0.308
343,1,1681264848000.0,1110.04,0.001,1112.49,0.0078
344,1,1681264848100.0,1110.04,0.001,1112.48,0.1324
345,1,1681264848500.0,1110.04,0.001,1112.47,0.0327
346,1,1681264848700.0,1110.04,0.001,1112.47,0.0183
347,1,1681264848800.0,1110.04,0.001,1112.47,0.0327
348,1,1681264848900.0,1110.04,0.001,1112.47,0.0183
349,1,1681264849000.0,1110.04,0.001,1112.46,0.3868
350,1,1681264849100.0,1110.04,0.001,1112.46,0.3868
351,1,1681264849200.0,1110.04,0.001,1112.45,0.0078
352,1,1681264849500.0,1110.04,0.001,1112.45,0.0327
353,1,1681264849600.0,1110.04,0.001,1112.45,0.0183
354,1,1681264849700.0,1110.04,0.001,1112.45,0.0327
355,1,1681264849900.0,1110.04,0.001,1112.45,0.0183
356,1,1681264850000.0,1110.04,0.001,1112.45,0.0327
357,1,1681264850100.0,1110.04,0.001,1112.45,0.0183
358,1,1681264850200.0,1110.04,0.001,1112.45,0.0183
359,1,1681264850300.0,1110.04,0.001,1112.45,0.0327
360,1,1681264850600.0,1110.04,0.001,1112.45,0.0327
361,1,1681264850700.0,1110.04,0.001,1112.45,0.0183
362,1,1681264850800.0,1110.04,0.001,1112.45,0.0327
363,1,1681264850900.0,1110.04,0.001,1112.45,0.0183
364,1,1681264851000.0,1110.04,0.001,1112.45,0.0327
365,1,1681264851100.0,1110.04,0.001,1112.44,0.3868
366,1,1681264851300.0,1110.04,0.001,1112.43,0.0156
367,1,1681264851400.0,1110.04,0.001,1112.43,0.022199999999999998
368,1,1681264851500.0,1110.04,0.001,1112.43,0.0183
369,1,1681264851600.0,1110.04,0.001,1112.43,0.0327
370,1,1681264851800.0,1110.04,0.001,1112.43,0.0327
371,1,1681264852000.0,1110.04,0.001,1112.43,0.0327
372,1,1681264852100.0,1110.04,0.001,1112.43,0.0183
373,1,1681264852400.0,1110.04,0.001,1112.43,0.0327
374,1,1681264852500.0,1110.04,0.001,1112.43,0.0183
375,1,1681264853600.0,1110.04,0.001,1112.43,0.0327
376,1,1681264853700.0,1110.04,0.001,1112.42,0.3868
377,1,1681264853800.0,1110.04,0.001,1112.41,0.0078
378,1,1681264853900.0,1110.04,0.001,1112.41,0.0327
379,1,1681264854000.0,1110.04,0.001,1112.41,0.0183
380,1,1681264854100.0,1110.04,0.001,1112.41,0.0327
381,1,1681264854500.0,1110.04,0.001,1112.41,0.0183
382,1,1681264854600.0,1110.04,0.001,1112.41,0.0327
383,1,1681264854700.0,1110.04,0.001,1112.41,0.0183
384,1,1681264855000.0,1110.04,0.001,1112.41,0.0183
385,1,1681264856000.0,1110.04,0.001,1112.41,0.0327
386,1,1681264856200.0,1110.04,0.001,1112.41,0.0327
387,1,1681264856300.0,1110.04,0.001,1112.4,0.3868
388,1,1681264856400.0,1110.04,0.001,1112.4,0.3868
389,1,1681264856500.0,1110.04,0.001,1112.39,0.0222
390,1,1681264856600.0,1110.04,0.001,1112.39,0.018300000000000004
391,1,1681264856700.0,1110.04,0.001,1112.39,0.03270000000000001
392,1,1681264856900.0,1110.04,0.001,1112.39,0.026100000000000005
393,1,1681264857000.0,1110.04,0.001,1112.39,0.03270000000000001
394,1,1681264857400.0,1110.04,0.001,1112.39,0.026100000000000005
395,1,1681264857500.0,1110.04,0.001,1112.39,0.03270000000000001
396,1,1681264857700.0,1110.04,0.001,1112.39,0.026100000000000005
397,1,1681264857900.0,1110.04,0.001,1112.39,0.018300000000000004
398,1,1681264858000.0,1110.04,0.001,1112.39,0.018300000000000004
399,1,1681264858300.0,1110.04,0.001,1112.38,0.3868
400,1,1681264858400.0,1110.04,0.001,1112.37,0.0078
401,1,1681264858500.0,1110.04,0.001,1112.37,0.026099999999999998
402,1,1681264858700.0,1110.04,0.001,1112.37,0.018299999999999997
403,1,1681264858800.0,1110.04,0.001,1112.37,0.03269999999999999
404,1,1681264859000.0,1110.04,0.001,1112.37,0.018299999999999993
405,1,1681264859100.0,1110.04,0.001,1112.37,0.03269999999999999
406,1,1681264859200.0,1110.04,0.001,1112.37,0.018299999999999993
407,1,1681264860000.0,1110.04,0.001,1112.37,0.03269999999999999
408,1,1681264860500.0,1110.04,0.001,1112.36,0.3868
409,1,1681264860600.0,1110.04,0.001,1112.36,0.3868
410,1,1681264860800.0,1110.04,0.001,1112.35,0.0222
411,1,1681264860900.0,1110.04,0.001,1112.35,0.007800000000000001
412,1,1681264861000.0,1110.04,0.001,1112.35,0.0222
413,1,1681264861300.0,1110.04,0.001,1112.35,0.0222
414,1,1681264861400.0,1110.04,0.001,1112.35,0.0222
415,1,1681264861700.0,1110.04,0.001,1112.35,0.007800000000000001
416,1,1681264861800.0,1110.04,0.001,1112.35,0.007800000000000001
417,1,1681264862000.0,1110.04,0.001,1112.35,0.018400000000000003
418,1,1681264862300.0,1110.04,0.001,1112.35,0.018400000000000003
419,1,1681264862400.0,1110.04,0.001,1112.35,0.0328
420,1,1681264862500.0,1110.04,0.001,1112.35,0.018400000000000003
421,1,1681264862600.0,1110.04,0.001,1112.34,0.3868
422,1,1681264862700.0,1110.04,0.001,1112.33,0.0078
423,1,1681264862800.0,1110.04,0.001,1112.33,0.0328
424,1,1681264862900.0,1110.04,0.001,1112.33,0.0328
425,1,1681264863100.0,1110.04,0.001,1112.33,0.018400000000000003
426,1,1681264863200.0,1110.04,0.001,1112.33,0.0328
427,1,1681264863400.0,1110.04,0.001,1112.33,0.0328
428,1,1681264863500.0,1110.04,0.001,1112.33,0.018400000000000003
429,1,1681264863600.0,1110.04,0.001,1112.33,0.0328
430,1,1681264863800.0,1110.04,0.001,1112.33,0.0328
431,1,1681264864000.0,1110.04,0.001,1112.33,0.018400000000000003
432,1,1681264864400.0,1110.04,0.001,1112.33,0.0328
433,1,1681264864500.0,1110.04,0.001,1112.33,0.018400000000000003
434,1,1681264864600.0,1110.04,0.001,1112.33,0.018400000000000003
435,1,1681264864700.0,1110.04,0.001,1112.32,0.3868
436,1,1681264864800.0,1110.04,0.001,1112.31,0.0078
437,1,1681264864900.0,1110.04,0.001,1112.31,0.0328
438,1,1681264865200.0,1110.04,0.001,1112.31,0.018400000000000003
439,1,1681264865300.0,1110.04,0.001,1112.31,0.018400000000000003
440,1,1681264865400.0,1110.04,0.001,1112.31,0.018400000000000003
441,1,1681264865500.0,1110.04,0.001,1112.31,0.0328
442,1,1681264865600.0,1110.04,0.001,1112.31,0.018400000000000003
443,1,1681264865700.0,1110.04,0.001,1112.31,0.018400000000000003
444,1,1681264865800.0,1110.04,0.001,1112.31,0.0328
445,1,1681264866000.0,1110.04,0.001,1112.31,0.018400000000000003
446,1,1681264866100.0,1110.04,0.001,1112.31,0.0328
447,1,1681264866200.0,1110.04,0.001,1112.31,0.0328
448,1,1681264866300.0,1110.04,0.001,1112.31,0.0328
449,1,1681264866400.0,1110.04,0.001,1112.31,0.018400000000000003
450,1,1681264866500.0,1110.04,0.001,1112.31,0.025
451,1,1681264866600.0,1110.04,0.001,1112.31,0.0184
452,1,1681264867100.0,1110.04,0.001,1112.3,0.3868
453,1,1681264867200.0,1110.04,0.001,1112.3,0.3868
454,1,1681264867300.0,1110.04,0.001,1112.3,0.3868
455,1,1681264867700.0,1110.03,0.001,1112.29,0.678
456,1,1681264867800.0,1110.03,0.001,1112.29,0.9863000000000001
457,1,1681264867900.0,1110.03,0.001,1112.28,0.3255
458,1,1681264868000.0,1110.03,0.001,1112.28,0.3255
459,1,1681264868100.0,1110.03,0.001,1112.26,0.678
460,1,1681264868200.0,1110.03,0.001,1112.26,0.678
461,1,1681264868300.0,1110.03,0.001,1112.26,0.678
462,1,1681264868400.0,1110.03,0.001,1112.25,0.33330000000000004
463,1,1681264868500.0,1110.03,0.001,1112.25,0.33330000000000004
464,1,1681264868600.0,1110.03,0.001,1112.24,0.1324
465,1,1681264868700.0,1110.03,0.001,1112.22,0.678
466,1,1681264868800.0,1110.03,0.001,1112.21,0.39459999999999995
467,1,1681264868900.0,1110.03,0.001,1112.2,0.025
468,1,1681264869000.0,1110.03,0.001,1112.19,0.667
469,1,1681264869100.0,1110.03,0.001,1112.19,0.667
470,1,1681264869200.0,1110.03,0.001,1112.19,0.667
471,1,1681264869300.0,1110.03,0.001,1112.19,0.667
472,1,1681264869400.0,1110.03,0.001,1112.19,0.667
473,1,1681264869500.0,1110.03,0.001,1112.18,0.022199999999999998
474,1,1681264869800.0,1110.03,0.001,1112.18,0.022199999999999998
475,1,1681264869900.0,1110.03,0.001,1112.18,0.022199999999999998
476,1,1681264870100.0,1110.03,0.001,1112.18,0.018399999999999993
477,1,1681264870200.0,1110.03,0.001,1112.18,0.018399999999999993
478,1,1681264870300.0,1110.03,0.001,1112.18,0.032799999999999996
479,1,1681264870500.0,1110.03,0.001,1112.18,0.018399999999999996
480,1,1681264870600.0,1110.03,0.001,1112.18,0.032799999999999996
481,1,1681264870700.0,1110.03,0.001,1112.18,0.018399999999999996
482,1,1681264870800.0,1110.03,0.001,1112.18,0.032799999999999996
483,1,1681264870900.0,1110.03,0.001,1112.18,0.018399999999999996
484,1,1681264871000.0,1110.03,0.001,1112.17,0.3868
485,1,1681264871100.0,1110.03,0.001,1112.17,0.3868
486,1,1681264871200.0,1110.03,0.001,1112.17,0.3868
487,1,1681264871400.0,1110.03,0.001,1112.16,0.0078
488,1,1681264871500.0,1110.03,0.001,1112.16,0.0328
489,1,1681264871600.0,1110.03,0.001,1112.16,0.0328
490,1,1681264871700.0,1110.03,0.001,1112.16,0.018400000000000003
491,1,1681264871800.0,1110.03,0.001,1112.16,0.0222
492,1,1681264871900.0,1110.03,0.001,1112.14,0.0184
493,1,1681264872100.0,1110.03,0.001,1112.15,0.667
494,1,1681264872200.0,1110.03,0.001,1112.15,0.667
495,1,1681264872300.0,1110.03,0.001,1112.14,0.0156
496,1,1681264872400.0,1110.03,0.001,1112.14,0.1836
497,1,1681264872500.0,1110.03,0.001,1112.14,0.1836
498,1,1681264872600.0,1110.03,0.001,1112.13,0.0106
499,1,1681264872700.0,1110.03,0.001,1112.13,0.0106
500,1,1681264872800.0,1110.03,0.001,1112.13,0.0184
501,1,1681264872900.0,1110.03,0.001,1112.13,0.0184
502,1,1681264873000.0,1110.03,0.001,1112.11,0.667
503,1,1681264873100.0,1110.03,0.001,1112.11,0.667
504,1,1681264873200.0,1110.03,0.001,1112.11,0.667
505,1,1681264873400.0,1110.03,0.001,1112.11,0.667
506,1,1681264873800.0,1110.03,0.001,1112.1,0.0222
507,1,1681264874100.0,1110.03,0.001,1112.1,0.1546
508,1,1681264874200.0,1110.03,0.001,1112.1,0.1546
509,1,1681264874400.0,1110.03,0.001,1112.09,0.0106
510,1,1681264874500.0,1110.03,0.001,1112.08,0.678
511,1,1681264874600.0,1110.03,0.001,1112.08,0.678
512,1,1681264874700.0,1110.03,0.001,1112.08,0.678
513,1,1681264874900.0,1110.03,0.001,1112.07,0.0078
514,1,1681264875000.0,1110.03,0.001,1112.06,0.321
515,1,1681264875100.0,1110.03,0.001,1112.06,0.321
516,1,1681264875300.0,1110.03,0.001,1112.04,0.678
517,1,1681264875400.0,1110.03,0.001,1112.03,0.0078
518,1,1681264875600.0,1110.03,0.001,1112.03,0.0328
519,1,1681264875700.0,1110.03,0.001,1112.03,0.018400000000000003
520,1,1681264875800.0,1110.03,0.001,1112.03,0.018400000000000003
521,1,1681264875900.0,1110.03,0.001,1112.03,0.018400000000000003
522,1,1681264876100.0,1110.03,0.001,1112.03,0.0328
523,1,1681264876200.0,1110.03,0.001,1112.03,0.018400000000000003
524,1,1681264876500.0,1110.03,0.001,1112.03,0.0328
525,1,1681264876600.0,1110.03,0.001,1112.03,0.0328
526,1,1681264876700.0,1110.03,0.001,1112.03,0.018400000000000003
527,1,1681264876800.0,1110.03,0.001,1112.03,0.0328
528,1,1681264876900.0,1110.03,0.001,1112.03,0.018400000000000003
529,1,1681264877000.0,1110.03,0.001,1112.03,0.0328
530,1,1681264877100.0,1110.03,0.001,1112.03,0.0328
531,1,1681264877200.0,1110.03,0.001,1112.03,0.0328
532,1,1681264877300.0,1110.03,0.001,1112.03,0.0328
533,1,1681264877400.0,1110.03,0.001,1112.02,0.3539
534,1,1681264877500.0,1110.03,0.001,1112.02,0.3539
535,1,1681264877700.0,1110.03,0.001,1112.01,0.5738
536,1,1681264877800.0,1110.03,0.001,1112.0,0.025
537,1,1681264877900.0,1110.03,0.001,1112.0,0.025
538,1,1681264878000.0,1110.03,0.001,1112.0,0.010600000000000002
539,1,1681264878200.0,1110.03,0.001,1112.0,0.010600000000000002
540,1,1681264878300.0,1110.03,0.001,1112.0,0.010600000000000002
541,1,1681264878400.0,1110.03,0.001,1112.0,0.025
542,1,1681264878500.0,1110.03,0.001,1111.99,0.3005
543,1,1681264878600.0,1110.03,0.001,1111.99,0.3005
544,1,1681264878700.0,1110.03,0.001,1111.98,0.9929
545,1,1681264878800.0,1110.03,0.001,1111.98,1.0007
546,1,1681264878900.0,1110.03,0.001,1111.97,0.3111
547,1,1681264879000.0,1110.03,0.001,1111.97,0.3111
548,1,1681264879200.0,1110.03,0.001,1111.96,0.1839
549,1,1681264879300.0,1110.03,0.001,1111.95,0.663
550,1,1681264879400.0,1110.03,0.001,1111.94,0.3539
551,1,1681264879500.0,1110.03,0.001,1111.94,0.3539
552,1,1681264879600.0,1110.03,0.001,1111.93,0.0328
553,1,1681264879700.0,1110.03,0.001,1111.91,0.0078
554,1,1681264879800.0,1110.03,0.001,1111.91,0.0144
555,1,1681264879900.0,1110.03,0.001,1111.89,0.663
556,1,1681264880300.0,1110.03,0.001,1111.89,0.663
557,1,1681264880400.0,1110.03,0.001,1111.88,0.0078
558,1,1681264880900.0,1110.03,0.001,1111.88,0.0328
559,1,1681264881600.0,1110.03,0.001,1111.87,0.3539
560,1,1681264881700.0,1110.03,0.001,1111.87,0.3539
561,1,1681264881800.0,1110.03,0.001,1111.85,0.553
562,1,1681264882100.0,1110.03,0.001,1111.84,0.0328
563,1,1681264882200.0,1110.03,0.001,1111.84,0.018400000000000003
564,1,1681264882300.0,1110.03,0.001,1111.84,0.018400000000000003
565,1,1681264882600.0,1110.03,0.001,1111.84,0.0328
566,1,1681264882700.0,1110.03,0.001,1111.84,0.018400000000000003
567,1,1681264882900.0,1110.03,0.001,1111.84,0.018400000000000003
568,1,1681264883000.0,1110.03,0.001,1111.84,0.0328
569,1,1681264883400.0,1110.03,0.001,1111.84,0.018400000000000003
570,1,1681264883600.0,1110.03,0.001,1111.84,0.0328
571,1,1681264883700.0,1110.03,0.001,1111.84,0.018400000000000003
572,1,1681264883800.0,1110.03,0.001,1111.82,0.4652
573,1,1681264883900.0,1110.03,0.001,1111.82,0.4652
574,1,1681264884000.0,1110.03,0.001,1111.81,0.0106
575,1,1681264884100.0,1110.03,0.001,1111.81,0.025
576,1,1681264884200.0,1110.03,0.001,1111.81,0.010600000000000002
577,1,1681264884300.0,1110.03,0.001,1111.81,0.025
578,1,1681264885000.0,1110.03,0.001,1111.81,0.010600000000000002
579,1,1681264885500.0,1110.03,0.001,1111.81,0.025
580,1,1681264885600.0,1110.03,0.001,1111.81,0.010600000000000002
581,1,1681264885700.0,1110.03,0.001,1111.81,0.010600000000000002
582,1,1681264885800.0,1110.03,0.001,1111.81,0.025
583,1,1681264885900.0,1110.03,0.001,1111.8,0.3539
584,1,1681264886100.0,1110.03,0.001,1111.78,0.676
585,1,1681264886200.0,1110.03,0.001,1111.77,0.0184
586,1,1681264886400.0,1110.03,0.001,1111.77,0.032799999999999996
587,1,1681264886600.0,1110.03,0.001,1111.77,0.018399999999999996
588,1,1681264886700.0,1110.03,0.001,1111.77,0.032799999999999996
589,1,1681264886900.0,1110.03,0.001,1111.77,0.022199999999999998
590,1,1681264887000.0,1110.03,0.001,1111.77,0.018399999999999996
591,1,1681264887400.0,1110.03,0.001,1111.77,0.032799999999999996
592,1,1681264888300.0,1110.03,0.001,1111.77,0.018399999999999996
593,1,1681264888600.0,1110.03,0.001,1111.76,0.3539
594,1,1681264888700.0,1110.03,0.001,1111.74,0.457
595,1,1681264888800.0,1110.03,0.001,1111.73,0.0328
596,1,1681264889000.0,1110.03,0.001,1111.73,0.018400000000000003
597,1,1681264889100.0,1110.03,0.001,1111.73,0.0328
598,1,1681264889400.0,1110.03,0.001,1111.73,0.018400000000000003
599,1,1681264889500.0,1110.03,0.001,1111.73,0.0328
600,1,1681264889700.0,1110.03,0.001,1111.73,0.018400000000000003
601,1,1681264889800.0,1110.03,0.001,1111.73,0.0328
602,1,1681264890000.0,1110.03,0.001,1111.73,0.018400000000000003
603,1,1681264890100.0,1110.03,0.001,1111.73,0.0262
604,1,1681264890200.0,1110.03,0.001,1111.73,0.0328
605,1,1681264890500.0,1110.03,0.001,1111.73,0.018400000000000003
606,1,1681264890600.0,1110.03,0.001,1111.73,0.0328
607,1,1681264890800.0,1110.03,0.001,1111.72,0.3539
608,1,1681264890900.0,1110.03,0.001,1111.7,0.457
609,1,1681264891000.0,1110.03,0.001,1111.69,0.0184
610,1,1681264891100.0,1110.03,0.001,1111.69,0.025
611,1,1681264891300.0,1110.03,0.001,1111.69,0.0184
612,1,1681264891500.0,1110.03,0.001,1111.69,0.025
613,1,1681264891700.0,1110.03,0.001,1111.69,0.0184
614,1,1681264892000.0,1110.03,0.001,1111.69,0.025
615,1,1681264892400.0,1110.03,0.001,1111.69,0.0262
616,1,1681264893100.0,1110.03,0.001,1111.69,0.0184
617,1,1681264893400.0,1110.03,0.001,1111.68,0.3539
618,1,1681264893500.0,1110.03,0.001,1111.66,0.443
619,1,1681264893600.0,1110.03,0.001,1111.65,0.0184
620,1,1681264893800.0,1110.03,0.001,1111.65,0.032799999999999996
621,1,1681264894000.0,1110.03,0.001,1111.64,0.113
622,1,1681264894100.0,1110.03,0.001,1111.64,0.113
623,1,1681264895100.0,1110.03,0.001,1111.64,0.113
624,1,1681264895400.0,1110.03,0.001,1111.63,0.022199999999999998
625,1,1681264895600.0,1110.03,0.001,1111.63,0.0184
626,1,1681264895700.0,1110.03,0.001,1111.63,0.032799999999999996
627,1,1681264895800.0,1110.03,0.001,1111.6,0.219
628,1,1681264895900.0,1110.03,0.001,1111.59,0.0328
629,1,1681264896000.0,1110.03,0.001,1111.59,0.018400000000000003
630,1,1681264896400.0,1110.03,0.001,1111.59,0.0328
631,1,1681264896600.0,1110.03,0.001,1111.59,0.0328
632,1,1681264896900.0,1110.03,0.001,1111.59,0.018400000000000003
633,1,1681264897000.0,1110.03,0.001,1111.59,0.0328
634,1,1681264897300.0,1110.03,0.001,1111.59,0.0328
635,1,1681264897500.0,1110.03,0.001,1111.59,0.018400000000000003
636,1,1681264897700.0,1110.03,0.001,1111.59,0.0328
637,1,1681264897800.0,1110.03,0.001,1111.56,0.109
638,1,1681264898000.0,1110.03,0.001,1111.55,0.0328
639,1,1681264898100.0,1110.03,0.001,1111.55,0.018400000000000003
640,1,1681264898200.0,1110.03,0.001,1111.55,0.0328
641,1,1681264898500.0,1110.03,0.001,1111.55,0.018400000000000003
642,1,1681264898700.0,1110.03,0.001,1111.55,0.0328
643,1,1681264898800.0,1110.03,0.001,1111.55,0.018400000000000003
644,1,1681264898900.0,1110.03,0.001,1111.55,0.0328
645,1,1681264899100.0,1110.03,0.001,1111.55,0.018400000000000003
646,1,1681264899400.0,1110.03,0.001,1111.55,0.0328
647,1,1681264899500.0,1110.03,0.001,1111.55,0.018400000000000003
648,1,1681264899600.0,1110.03,0.001,1111.55,0.0328
649,1,1681264899700.0,1110.03,0.001,1111.55,0.025
650,1,1681264899800.0,1110.03,0.001,1111.55,0.0184
651,1,1681264899900.0,1110.03,0.001,1111.55,0.032799999999999996
652,1,1681264900000.0,1110.03,0.001,1111.55,0.032799999999999996
653,1,1681264900500.0,1110.03,0.001,1111.55,0.032799999999999996
654,1,1681264900600.0,1110.03,0.001,1111.55,0.018399999999999996
655,1,1681264900800.0,1110.03,0.001,1111.55,0.018399999999999996
656,1,1681264901400.0,1110.03,0.001,1111.55,0.032799999999999996
657,1,1681264901500.0,1110.03,0.001,1111.55,0.018399999999999996
658,1,1681264901800.0,1110.03,0.001,1111.55,0.032799999999999996
659,1,1681264902300.0,1110.03,0.001,1111.55,0.032799999999999996
660,1,1681264902400.0,1110.04,0.001,1111.55,0.018399999999999996
661,1,1681264902500.0,1110.04,0.001,1111.55,0.018399999999999996
662,1,1681264902600.0,1110.04,0.001,1112.31,0.022199999999999998
663,1,1681264902700.0,1110.04,0.001,1112.38,0.168
664,1,1681264902800.0,1110.04,0.001,1112.3,0.168
665,1,1681264902900.0,1110.04,0.1941,1112.3,0.168
666,1,1681264903000.0,1110.05,0.0222,1112.3,0.168
667,1,1681264903100.0,1110.05,0.0222,1112.29,0.0184
668,1,1681264903200.0,1110.05,0.0222,1112.29,0.0184
669,1,1681264903300.0,1110.05,0.0222,1112.29,0.0184
670,1,1681264903500.0,1110.06,0.1931,1112.69,0.022199999999999998
671,1,1681264903600.0,1110.07,0.0222,1112.68,0.494
672,1,1681264903700.0,1110.08,0.1931,1112.67,0.0106
673,1,1681264903800.0,1110.09,0.0222,1112.67,0.0184
674,1,1681264903900.0,1110.11,0.0222,1112.67,0.032799999999999996
675,1,1681264904000.0,1110.11,0.0222,1112.67,0.032799999999999996
676,1,1681264904100.0,1110.12,0.2153,1112.66,0.168
677,1,1681264904200.0,1110.14,0.0222,1112.66,0.168
678,1,1681264904300.0,1110.16,0.0222,1112.65,0.5018
679,1,1681264904600.0,1110.17,0.3387,1112.64,0.025
680,1,1681264904700.0,1110.18,0.0222,1112.64,0.025
681,1,1681264904800.0,1110.2,0.0222,1112.63,0.3868
682,1,1681264904900.0,1110.2,0.0222,1112.63,0.3868
683,1,1681264905000.0,1110.22,0.3387,1112.61,0.0106
684,1,1681264905100.0,1110.22,0.1456,1112.61,0.1787
685,1,1681264905200.0,1110.22,0.1456,1112.61,0.1787
686,1,1681264905400.0,1110.22,0.1456,1112.61,0.3111
687,1,1681264905500.0,1110.03,0.001,1112.59,0.678
688,1,1681264905600.0,1110.03,0.001,1112.59,0.678
689,1,1681264905700.0,1110.03,0.001,1112.58,0.3102
690,1,1681264906000.0,1110.03,0.001,1112.55,0.678
691,1,1681264906100.0,1110.03,0.001,1112.55,0.678
692,1,1681264906200.0,1110.03,0.001,1112.54,0.314
693,1,1681264906400.0,1110.03,0.001,1112.54,0.314
694,1,1681264906500.0,1110.03,0.001,1112.54,0.314
695,1,1681264906600.0,1110.03,0.001,1112.52,0.678
696,1,1681264906800.0,1110.03,0.001,1112.51,0.1903
697,1,1681264906900.0,1110.03,0.001,1112.5,0.1787
698,1,1681264907000.0,1110.03,0.001,1112.48,0.678
699,1,1681264907200.0,1110.03,0.001,1112.47,0.1865
700,1,1681264907400.0,1110.03,0.001,1112.46,0.3868
701,1,1681264907700.0,1110.03,0.001,1112.44,0.678
702,1,1681264908000.0,1110.03,0.001,1112.43,0.1865
703,1,1681264908300.0,1110.03,0.001,1112.43,0.1865
704,1,1681264909000.0,1110.03,0.001,1112.43,0.0184
705,1,1681264909100.0,1110.03,0.001,1112.42,0.0144
706,1,1681264909200.0,1110.03,0.001,1112.42,0.0144
707,1,1681264909300.0,1110.03,0.001,1112.42,0.0144
708,1,1681264909400.0,1110.03,0.001,1112.42,0.0144
709,1,1681264909500.0,1110.03,0.001,1112.4,0.678
710,1,1681264909600.0,1110.03,0.001,1112.39,0.1903
711,1,1681264909700.0,1110.03,0.001,1112.38,0.1787
712,1,1681264909800.0,1110.03,0.001,1112.38,0.1787
713,1,1681264909900.0,1110.03,0.001,1112.36,0.678
714,1,1681264910000.0,1110.03,0.001,1112.36,0.678
715,1,1681264910100.0,1110.03,0.001,1112.35,0.022199999999999998
716,1,1681264910200.0,1110.03,0.001,1112.35,0.018399999999999996
717,1,1681264910600.0,1110.03,0.001,1112.35,0.032799999999999996
718,1,1681264910800.0,1110.03,0.001,1112.35,0.018399999999999996
719,1,1681264910900.0,1110.03,0.001,1112.35,0.024999999999999994
720,1,1681264911000.0,1110.03,0.001,1112.35,0.018399999999999993
721,1,1681264911100.0,1110.03,0.001,1112.35,0.032799999999999996
722,1,1681264911500.0,1110.03,0.001,1112.34,0.3868
723,1,1681264911600.0,1110.03,0.001,1112.34,0.3868
724,1,1681264911700.0,1110.03,0.001,1112.33,0.0078
725,1,1681264911800.0,1110.03,0.001,1112.31,0.0328
726,1,1681264911900.0,1110.03,0.001,1112.31,0.018400000000000003
727,1,1681264912100.0,1110.04,0.0222,1112.31,0.0328
728,1,1681264912400.0,1110.04,0.0222,1112.31,0.018400000000000003
729,1,1681264912500.0,1110.04,0.2153,1112.31,0.025
730,1,1681264912700.0,1110.04,0.3696,1112.31,0.0184
731,1,1681264912800.0,1110.04,0.3696,1112.31,0.025
732,1,1681264912900.0,1110.04,0.3696,1112.31,0.0184
733,1,1681264913000.0,1110.04,0.3696,1112.31,0.025
734,1,1681264913100.0,1110.04,0.3696,1112.31,0.025
735,1,1681264913200.0,1110.04,0.3696,1112.31,0.025
736,1,1681264913300.0,1110.04,0.3696,1112.31,0.0184
737,1,1681264913400.0,1110.04,0.3696,1112.31,0.032799999999999996
738,1,1681264913600.0,1110.04,0.3696,1112.3,0.3868
739,1,1681264913700.0,1110.04,0.3696,1112.29,0.0078
740,1,1681264913800.0,1110.04,0.3696,1112.27,0.0328
741,1,1681264914000.0,1110.04,0.3696,1112.27,0.018400000000000003
742,1,1681264914200.0,1110.04,0.3696,1112.27,0.018400000000000003
743,1,1681264914300.0,1110.04,0.3696,1112.27,0.018400000000000003
744,1,1681264914400.0,1110.04,0.3696,1112.27,0.0328
745,1,1681264914500.0,1110.04,0.3696,1112.27,0.018400000000000003
746,1,1681264914600.0,1110.04,0.3696,1112.27,0.0328
747,1,1681264914800.0,1110.04,0.3696,1112.27,0.018400000000000003
748,1,1681264915000.0,1110.04,0.3696,1112.27,0.0328
749,1,1681264915200.0,1110.04,0.3696,1112.27,0.018400000000000003
750,1,1681264915500.0,1110.04,0.3696,1112.27,0.0328
751,1,1681264915600.0,1110.04,0.3696,1112.27,0.0328
752,1,1681264915800.0,1110.04,0.3696,1112.26,0.3868
753,1,1681264915900.0,1110.04,0.3696,1112.25,0.678
754,1,1681264916000.0,1110.04,0.3696,1112.25,0.678
755,1,1681264916100.0,1110.04,0.3696,1112.24,0.0078
756,1,1681264916400.0,1110.04,0.3696,1112.24,0.0328
757,1,1681264916500.0,1110.06,0.0222,1112.24,0.0328
758,1,1681264916600.0,1110.08,0.5692,1112.25,0.0078
759,1,1681264916700.0,1110.1,0.0222,1112.25,0.0328
760,1,1681264916800.0,1110.1,0.0222,1112.24,0.113
761,1,1681264917000.0,1110.1,0.0222,1112.24,0.113
762,1,1681264917100.0,1110.12,0.0222,1112.23,0.0078
763,1,1681264917200.0,1110.12,0.0222,1112.23,0.0078
764,1,1681264917400.0,1110.14,0.0222,1112.23,0.0078
765,1,1681264917500.0,1110.16,0.0222,1112.23,0.0078
766,1,1681264917600.0,1110.17,0.3678,1112.23,0.0078
767,1,1681264917700.0,1110.2,0.0222,1112.23,0.0078
768,1,1681264917800.0,1110.2,0.0222,1112.23,0.032799999999999996
769,1,1681264918000.0,1110.22,0.39,1112.23,0.022199999999999998
770,1,1681264918400.0,1110.24,0.0222,1112.23,0.018399999999999993
771,1,1681264918500.0,1110.25,0.3678,1112.23,0.032799999999999996
772,1,1681264918600.0,1110.26,0.0222,1112.23,0.018399999999999996
773,1,1681264918700.0,1110.27,0.3678,1112.23,0.032799999999999996
774,1,1681264918800.0,1110.28,0.0222,1112.23,0.032799999999999996
775,1,1681264918900.0,1110.29,0.3678,1112.23,0.026199999999999994
776,1,1681264919000.0,1110.3,0.0222,1112.23,0.026199999999999994
777,1,1681264919400.0,1110.32,0.0222,1112.23,0.032799999999999996
778,1,1681264919600.0,1110.34,0.39,1112.23,0.032799999999999996
779,1,1681264919700.0,1110.34,0.39,1112.23,0.032799999999999996
780,1,1681264919800.0,1110.35,0.3678,1112.23,0.018399999999999993
781,1,1681264919900.0,1110.36,0.0222,1112.23,0.032799999999999996
782,1,1681264920000.0,1110.37,0.1853,1112.23,0.018399999999999996
783,1,1681264920100.0,1110.37,0.1853,1112.23,0.022199999999999998
784,1,1681264920300.0,1110.37,0.1853,1112.23,0.022199999999999998
785,1,1681264920400.0,1110.39,0.0222,1112.23,0.018399999999999996
786,1,1681264920500.0,1110.4,0.1631,1112.23,0.032799999999999996
787,1,1681264920600.0,1110.42,0.1631,1112.23,0.018399999999999996
788,1,1681264920700.0,1110.43,0.0222,1112.23,0.018399999999999996
789,1,1681264920800.0,1110.43,0.0222,1112.23,0.032799999999999996
790,1,1681264921000.0,1110.43,0.0222,1112.23,0.032799999999999996
791,1,1681264921100.0,1110.43,0.1853,1112.23,0.018399999999999996
792,1,1681264921300.0,1110.43,0.1853,1112.23,0.018399999999999996
793,1,1681264921400.0,1110.43,0.1853,1112.23,0.018399999999999996
794,1,1681264921500.0,1110.43,0.1853,1112.23,0.032799999999999996
795,1,1681264921600.0,1110.43,0.1853,1112.23,0.032799999999999996
796,1,1681264921700.0,1110.43,0.1853,1112.23,0.018399999999999996
797,1,1681264921800.0,1110.43,0.1853,1112.23,0.032799999999999996
798,1,1681264922000.0,1110.43,0.1853,1112.23,0.018399999999999996
799,1,1681264922100.0,1110.43,0.1853,1112.23,0.032799999999999996
800,1,1681264922300.0,1110.43,0.1853,1112.23,0.018399999999999996
801,1,1681264922400.0,1110.43,0.1853,1112.23,0.032799999999999996
802,1,1681264922500.0,1110.45,0.0222,1112.23,0.032799999999999996
803,1,1681264922700.0,1110.46,0.1631,1112.23,0.018399999999999996
804,1,1681264922800.0,1110.47,0.0222,1112.23,0.018399999999999996
805,1,1681264923000.0,1110.47,0.0222,1112.23,0.018399999999999996
806,1,1681264923900.0,1110.47,0.0222,1112.23,0.032799999999999996
807,1,1681264924100.0,1110.1,0.0222,1112.21,0.219
808,1,1681264924500.0,1110.12,0.0222,1112.2,0.0078
809,1,1681264924600.0,1110.12,0.0222,1112.2,0.0328
810,1,1681264924700.0,1110.14,0.0222,1112.2,0.0184
811,1,1681264924800.0,1110.16,0.0222,1112.2,0.0328
812,1,1681264924900.0,1110.17,0.1631,1112.2,0.018400000000000003
813,1,1681264925000.0,1110.18,0.0222,1112.2,0.018400000000000003
814,1,1681264925100.0,1110.18,0.0222,1112.2,0.018400000000000003
815,1,1681264925200.0,1110.2,0.0222,1112.2,0.0328
816,1,1681264925300.0,1110.2,0.0222,1112.2,0.0328
817,1,1681264925400.0,1110.21,0.1631,1112.2,0.0328
818,1,1681264925500.0,1110.22,0.0222,1112.2,0.018400000000000003
819,1,1681264925600.0,1110.24,0.0222,1112.2,0.018400000000000003
820,1,1681264925700.0,1110.25,0.1631,1112.2,0.018400000000000003
821,1,1681264925800.0,1110.26,0.0222,1112.2,0.018400000000000003
822,1,1681264925900.0,1110.26,0.0222,1112.2,0.018400000000000003
823,1,1681264926000.0,1110.28,0.0222,1112.2,0.018400000000000003
824,1,1681264926200.0,1110.28,0.0222,1112.2,0.018400000000000003
825,1,1681264926300.0,1110.28,0.0222,1112.19,0.3868
826,1,1681264926400.0,1110.29,0.3677,1112.18,0.2268
827,1,1681264926500.0,1110.3,0.5692,1112.18,0.007800000000000001
828,1,1681264926600.0,1110.32,0.0222,1112.18,0.0328
829,1,1681264926700.0,1110.33,0.547,1112.18,0.018400000000000003
830,1,1681264926800.0,1110.34,0.0222,1112.18,0.0328
831,1,1681264926900.0,1110.34,0.0222,1112.18,0.018400000000000003
832,1,1681264927000.0,1110.34,0.0222,1112.18,0.0328
833,1,1681264927300.0,1110.34,0.0222,1112.18,0.018400000000000003
834,1,1681264927400.0,1110.34,0.0222,1112.18,0.018400000000000003
835,1,1681264927500.0,1110.34,0.0222,1112.18,0.0328
836,1,1681264927600.0,1110.34,0.0222,1112.18,0.018400000000000003
837,1,1681264927700.0,1110.36,0.5282,1112.18,0.018400000000000003
838,1,1681264927800.0,1110.37,0.5692,1112.18,0.018400000000000003
839,1,1681264927900.0,1110.38,0.1631,1112.18,0.018400000000000003
840,1,1681264928000.0,1110.39,0.0222,1112.18,0.0328
841,1,1681264928100.0,1110.39,0.0222,1112.18,0.0328
842,1,1681264928200.0,1110.41,0.0222,1112.18,0.0328
843,1,1681264928400.0,1110.42,0.1631,1112.85,0.0078
844,1,1681264928500.0,1110.43,0.0222,1112.84,0.677
845,1,1681264928600.0,1110.44,0.1631,1112.83,0.0328
846,1,1681264928700.0,1110.45,0.0222,1112.83,0.0328
847,1,1681264928800.0,1110.46,0.1631,1112.83,0.025
848,1,1681264928900.0,1110.47,0.0222,1112.83,0.0328
849,1,1681264929000.0,1110.47,0.1853,1112.83,0.018400000000000003
850,1,1681264929400.0,1110.47,0.1853,1112.83,0.0328
851,1,1681264929500.0,1110.48,0.2046,1112.83,0.0328
852,1,1681264929600.0,1110.49,0.1853,1112.83,0.022200000000000004
853,1,1681264929700.0,1110.49,0.022199999999999998,1112.83,0.022200000000000004
854,1,1681264929800.0,1110.49,0.022199999999999998,1112.83,0.018400000000000003
855,1,1681264929900.0,1110.5,0.1631,1112.82,0.3868
856,1,1681264930000.0,1110.5,0.1853,1112.8,0.0078
857,1,1681264930400.0,1110.5,0.1853,1112.8,0.0078
858,1,1681264930600.0,1110.52,0.0222,1112.8,0.0078
859,1,1681264931200.0,1110.52,0.0222,1112.8,0.0078
860,1,1681264931300.0,1110.54,0.0222,1112.8,0.0328
861,1,1681264931400.0,1110.54,0.0222,1112.8,0.0328
862,1,1681264931700.0,1110.55,0.1631,1112.8,0.018400000000000003
863,1,1681264931800.0,1110.56,0.0222,1112.8,0.018400000000000003
864,1,1681264932200.0,1110.57,0.1631,1112.8,0.025
865,1,1681264932300.0,1110.58,0.0222,1112.8,0.025
866,1,1681264932400.0,1110.58,0.0222,1112.79,0.3868
867,1,1681264932500.0,1110.6,0.0222,1112.78,0.369
868,1,1681264932700.0,1110.6,0.1853,1112.78,0.369
869,1,1681264932800.0,1110.6,0.1853,1112.78,0.369
870,1,1681264933000.0,1110.6,0.1853,1112.77,0.024999999999999994
871,1,1681264933100.0,1110.6,0.1853,1112.77,0.026199999999999994
872,1,1681264933300.0,1110.62,0.0222,1112.77,0.026199999999999994
873,1,1681264933400.0,1110.62,0.0222,1112.77,0.026199999999999994
874,1,1681264933500.0,1110.64,0.0222,1112.77,0.024999999999999994
875,1,1681264933600.0,1110.65,0.3675,1112.77,0.026199999999999994
876,1,1681264933700.0,1110.66,0.1853,1112.77,0.024999999999999994
877,1,1681264933900.0,1110.68,0.0222,1112.77,0.026199999999999994
878,1,1681264934000.0,1110.68,0.0222,1112.77,0.026199999999999994
879,1,1681264934100.0,1110.7,0.0222,1112.77,0.032799999999999996
880,1,1681264934400.0,1110.71,0.1631,1112.77,0.026199999999999994
881,1,1681264934500.0,1110.72,0.0222,1112.77,0.026199999999999994
882,1,1681264934600.0,1110.74,0.0222,1112.77,0.032799999999999996
883,1,1681264934700.0,1110.75,0.1631,1112.77,0.026199999999999994
884,1,1681264934800.0,1110.76,0.0222,1112.77,0.032799999999999996
885,1,1681264934900.0,1110.76,0.0222,1112.77,0.026199999999999994
886,1,1681264935000.0,1110.76,0.0222,1112.77,0.018399999999999993
887,1,1681264935100.0,1110.77,0.1631,1112.77,0.032799999999999996
888,1,1681264935200.0,1110.77,0.1853,1112.76,0.3868
889,1,1681264935300.0,1110.77,0.1853,1112.76,0.3868
890,1,1681264935400.0,1110.79,0.0222,1112.75,0.269
891,1,1681264935500.0,1110.79,0.0222,1112.74,0.0078
892,1,1681264935600.0,1110.79,0.0222,1112.74,0.0078
893,1,1681264935700.0,1110.79,0.0222,1112.74,0.0328
894,1,1681264935800.0,1110.79,0.0222,1112.74,0.018400000000000003
895,1,1681264936000.0,1110.79,0.0222,1112.74,0.0328
896,1,1681264936300.0,1110.79,0.0222,1112.74,0.0328
897,1,1681264936400.0,1110.79,0.0222,1112.74,0.0328
898,1,1681264936500.0,1110.79,0.0222,1112.74,0.018400000000000003
899,1,1681264936600.0,1110.79,0.0222,1112.74,0.018400000000000003
900,1,1681264936700.0,1110.79,0.0222,1112.74,0.018400000000000003
901,1,1681264936800.0,1110.79,0.0222,1112.74,0.0328
902,1,1681264936900.0,1110.79,0.0222,1112.74,0.0328
903,1,1681264937000.0,1110.79,0.0222,1112.71,0.379
904,1,1681264937200.0,1110.79,0.0222,1112.71,0.379
905,1,1681264937400.0,1110.78,0.506,1112.71,0.379
906,1,1681264937500.0,1110.79,0.0222,1112.71,0.379
907,1,1681264937600.0,1110.79,0.0222,1112.71,0.379
908,1,1681264937700.0,1110.59,0.0222,1112.71,0.379
909,1,1681264938100.0,1110.59,0.0222,1112.71,0.379
910,1,1681264938200.0,1110.59,0.0222,1112.7,0.0106
911,1,1681264938300.0,1110.59,0.0222,1112.7,0.032799999999999996
912,1,1681264938400.0,1110.59,0.0222,1112.7,0.032799999999999996
913,1,1681264938600.0,1110.59,0.0222,1112.7,0.032799999999999996
914,1,1681264938700.0,1110.59,0.0222,1112.7,0.032799999999999996
915,1,1681264938800.0,1110.59,0.0222,1112.7,0.018399999999999996
916,1,1681264938900.0,1110.59,0.0222,1112.69,0.3868
917,1,1681264939100.0,1110.59,0.0222,1112.67,0.559
918,1,1681264939300.0,1110.59,0.0222,1112.67,0.559
919,1,1681264939400.0,1110.59,0.0222,1112.66,0.0184
920,1,1681264939700.0,1110.59,0.0222,1112.66,0.0184
921,1,1681264940200.0,1110.59,0.0222,1112.66,0.032799999999999996
922,1,1681264940400.0,1110.59,0.0222,1112.66,0.024999999999999994
923,1,1681264940600.0,1110.59,0.0222,1112.66,0.024999999999999994
924,1,1681264940700.0,1110.59,0.0222,1112.64,0.5812000000000002
925,1,1681264940900.0,1110.59,0.0222,1112.63,0.1674
926,1,1681264941000.0,1110.59,0.0222,1112.62,0.1712
927,1,1681264941100.0,1110.59,0.0222,1112.61,0.559
928,1,1681264941200.0,1110.59,0.0222,1112.61,0.559
929,1,1681264941300.0,1110.59,0.0222,1112.6,0.1674
930,1,1681264941400.0,1110.59,0.0222,1112.6,0.1752
931,1,1681264941500.0,1110.57,0.0222,1112.6,0.1752
932,1,1681264941600.0,1110.57,0.0222,1112.58,0.559
933,1,1681264941700.0,1110.57,0.0222,1112.57,0.1752
934,1,1681264941800.0,1110.57,0.0222,1112.57,0.1752
935,1,1681264941900.0,1110.57,0.0222,1112.55,0.48
936,1,1681264942000.0,1110.57,0.0222,1112.55,0.6552
937,1,1681264942100.0,1110.57,0.0222,1112.54,0.1712
938,1,1681264942200.0,1110.57,0.0222,1112.53,0.1752
939,1,1681264942300.0,1110.57,0.0222,1112.51,0.471
940,1,1681264942400.0,1110.57,0.0222,1112.51,0.471
941,1,1681264942500.0,1110.57,0.0222,1112.5,0.0262
942,1,1681264942600.0,1110.57,0.0222,1112.49,0.3868
943,1,1681264942900.0,1110.57,0.0222,1112.46,0.0262
944,1,1681264943000.0,1110.57,0.0222,1112.46,0.0328
945,1,1681264943100.0,1110.57,0.0222,1112.46,0.025
946,1,1681264943300.0,1110.57,0.0222,1112.46,0.025
947,1,1681264943400.0,1110.57,0.0222,1112.46,0.0262
948,1,1681264943600.0,1110.57,0.0222,1112.46,0.025
949,1,1681264943700.0,1110.57,0.0222,1112.46,0.0262
950,1,1681264943800.0,1110.57,0.0222,1112.46,0.025
951,1,1681264944000.0,1110.57,0.0222,1112.46,0.0262
952,1,1681264944100.0,1110.57,0.0222,1112.46,0.0262
953,1,1681264944200.0,1110.57,0.0222,1112.46,0.025
954,1,1681264944300.0,1110.57,0.0222,1112.46,0.0262
955,1,1681264944400.0,1110.57,0.0222,1112.46,0.0262
956,1,1681264944500.0,1110.57,0.0222,1112.46,0.0262
957,1,1681264944600.0,1110.57,0.0222,1112.46,0.0262
958,1,1681264944700.0,1110.57,0.0222,1112.46,0.025
959,1,1681264944800.0,1110.57,0.0222,1112.46,0.0262
960,1,1681264945000.0,1110.57,0.0222,1112.45,0.3868
961,1,1681264945100.0,1110.57,0.0222,1112.45,0.3868
962,1,1681264945300.0,1110.57,0.0222,1112.45,0.3868
963,1,1681264945400.0,1110.57,0.0222,1112.44,0.0156
964,1,1681264945500.0,1110.57,0.0222,1112.43,0.471
965,1,1681264945600.0,1110.57,0.0222,1112.42,0.025
966,1,1681264945700.0,1110.57,0.0222,1112.42,0.0184
967,1,1681264945800.0,1110.57,0.0222,1112.42,0.025
968,1,1681264945900.0,1110.57,0.0222,1112.42,0.0328
969,1,1681264946200.0,1110.57,0.0222,1112.42,0.0328
970,1,1681264946500.0,1110.57,0.0222,1112.42,0.018400000000000003
971,1,1681264946800.0,1110.57,0.0222,1112.42,0.018400000000000003
972,1,1681264947000.0,1110.57,0.0222,1112.42,0.0328
973,1,1681264947600.0,1110.57,0.0222,1112.42,0.018400000000000003
974,1,1681264947800.0,1110.57,0.0222,1112.41,0.3868
975,1,1681264947900.0,1110.57,0.0222,1112.41,0.3868
976,1,1681264948000.0,1110.57,0.0222,1112.39,0.329
977,1,1681264948100.0,1110.57,0.0222,1112.38,0.0328
978,1,1681264948300.0,1110.57,0.0222,1112.38,0.0328
979,1,1681264948500.0,1110.57,0.0222,1112.38,0.0328
980,1,1681264948800.0,1110.57,0.0222,1112.38,0.0328
981,1,1681264948900.0,1110.57,0.0222,1112.38,0.0328
982,1,1681264949000.0,1110.57,0.0222,1112.38,0.0328
983,1,1681264949100.0,1110.16,0.066,1112.38,0.1818
984,1,1681264949200.0,1110.17,0.0222,1112.38,0.1818
985,1,1681264949300.0,1110.17,0.0222,1112.38,0.1818
986,1,1681264949400.0,1110.17,0.0222,1112.36,0.497
987,1,1681264949500.0,1110.17,0.0222,1112.35,0.0156
988,1,1681264949600.0,1110.17,0.0222,1112.35,0.025
989,1,1681264949700.0,1110.17,0.0222,1112.35,0.0328
990,1,1681264949800.0,1110.17,0.0222,1112.35,0.0262
991,1,1681264949900.0,1110.17,0.0222,1112.35,0.025
992,1,1681264950000.0,1110.17,0.0222,1112.35,0.183
993,1,1681264950100.0,1110.17,0.0222,1112.35,0.183
994,1,1681264950400.0,1110.17,0.0222,1112.34,0.0066
995,1,1681264950500.0,1110.17,0.0222,1112.33,0.482
996,1,1681264950700.0,1110.17,0.0222,1112.32,0.0144
997,1,1681264950900.0,1110.17,0.0222,1112.32,0.026199999999999994
998,1,1681264951100.0,1110.17,0.0222,1112.32,0.024999999999999994
999,1,1681264951200.0,1110.17,0.0222,1112.31,0.1569
1000,1,1681264951300.0,1110.17,0.0222,1112.3,0.4976
1001,1,1681264951500.0,1110.17,0.0222,1112.3,0.4976
1002,1,1681264951600.0,1110.17,0.0222,1112.29,0.5609
1003,1,1681264951700.0,1110.17,0.0222,1112.29,0.5609
1004,1,1681264951800.0,1110.17,0.0222,1112.26,0.1819
1005,1,1681264951900.0,1110.17,0.0222,1112.26,0.1819
1006,1,1681264952000.0,1110.17,0.0222,1112.23,0.1819
1007,1,1681264952300.0,1110.17,0.0222,1112.23,0.1819
1008,1,1681264952400.0,1110.17,0.0222,1112.22,0.0078
1009,1,1681264952500.0,1110.17,0.0222,1112.22,0.0066
1010,1,1681264952600.0,1110.17,0.0222,1112.21,0.482
1011,1,1681264952700.0,1110.17,0.0222,1112.2,0.0156
1012,1,1681264952800.0,1110.17,0.0222,1112.2,0.024999999999999994
1013,1,1681264953100.0,1110.17,0.0222,1112.2,0.026199999999999994
1014,1,1681264953200.0,1110.17,0.0222,1112.2,0.024999999999999994
1015,1,1681264953400.0,1110.17,0.0222,1112.2,0.1819
1016,1,1681264954000.0,1110.17,0.0222,1112.2,0.024999999999999994
1017,1,1681264954100.0,1110.17,0.0222,1112.19,0.3868
1018,1,1681264954300.0,1110.19,0.0222,1112.18,0.2776
1019,1,1681264954500.0,1110.19,0.0222,1112.18,0.2776
1020,1,1681264954700.0,1110.19,0.0222,1112.18,0.2776
1021,1,1681264954800.0,1110.2,0.1631,1112.17,0.0172
1022,1,1681264954900.0,1110.21,0.5282,1112.17,0.0172
1023,1,1681264955000.0,1110.21,0.5282,1112.17,0.0172
1024,1,1681264955100.0,1110.23,0.0222,1112.17,0.0184
1025,1,1681264955500.0,1110.23,0.0222,1112.17,0.0078
1026,1,1681264955600.0,1110.23,0.0222,1112.17,0.025
1027,1,1681264955700.0,1110.23,0.0222,1112.17,0.0172
1028,1,1681264955800.0,1110.23,0.0222,1112.17,0.025
1029,1,1681264955900.0,1110.23,0.0222,1112.17,0.0184
1030,1,1681264956000.0,1110.23,0.0222,1112.17,0.0172
1031,1,1681264956400.0,1110.23,0.0222,1112.17,0.0184
1032,1,1681264956600.0,1110.23,0.0222,1112.17,0.0172
1033,1,1681264956700.0,1110.23,0.0222,1112.17,0.0184
1034,1,1681264956800.0,1110.23,0.0222,1112.17,0.025
1035,1,1681264956900.0,1110.23,0.0222,1112.17,0.0172
1036,1,1681264957500.0,1110.23,0.0222,1112.17,0.025
1037,1,1681264957600.0,1110.23,0.0222,1112.16,0.3868
1038,1,1681264957700.0,1110.23,0.0222,1112.14,0.012
1039,1,1681264957800.0,1110.24,0.506,1112.14,0.012
1040,1,1681264957900.0,1110.25,0.0222,1112.13,0.0106
1041,1,1681264958000.0,1110.25,0.0222,1112.13,0.0106
1042,1,1681264958100.0,1110.25,0.0222,1112.13,0.0106
1043,1,1681264958200.0,1110.26,0.2043,1112.13,0.0106
1044,1,1681264958300.0,1110.27,0.0222,1112.13,0.0106
1045,1,1681264958400.0,1110.27,0.0222,1112.13,0.0106
1046,1,1681264958500.0,1110.25,0.0222,1112.13,0.0106
1047,1,1681264958600.0,1110.24,0.506,1112.13,0.1675
1048,1,1681264958700.0,1110.24,0.506,1112.11,0.426
1049,1,1681264958800.0,1110.24,0.506,1112.1,0.0262
1050,1,1681264958900.0,1110.24,0.506,1112.1,0.413
1051,1,1681264959000.0,1110.25,0.0222,1112.09,0.0066
1052,1,1681264959100.0,1110.25,0.0222,1112.08,0.456
1053,1,1681264959200.0,1110.25,0.0222,1112.08,0.456
1054,1,1681264959600.0,1110.25,0.0222,1112.07,0.0144
1055,1,1681264959700.0,1110.25,0.0222,1112.07,0.026199999999999994
1056,1,1681264959800.0,1110.25,0.0222,1112.07,0.026199999999999994
1057,1,1681264959900.0,1110.25,0.0222,1112.07,0.024999999999999994
1058,1,1681264960100.0,1110.25,0.0222,1112.07,0.026199999999999994
1059,1,1681264960300.0,1110.25,0.0222,1112.07,0.024999999999999994
1060,1,1681264960900.0,1110.25,0.0222,1112.06,0.3868
1061,1,1681264961100.0,1110.25,0.0222,1112.04,0.452
1062,1,1681264961600.0,1110.25,0.0222,1112.04,0.452
1063,1,1681264961700.0,1110.25,0.0222,1112.04,0.452
1064,1,1681264961800.0,1110.25,0.0222,1112.04,0.452
1065,1,1681264961900.0,1110.03,0.0010000000000000009,1112.04,0.452
1066,1,1681264962100.0,1110.03,0.0010000000000000009,1112.04,0.452
1067,1,1681264962200.0,1110.03,0.0010000000000000009,1112.03,0.025
1068,1,1681264962300.0,1110.03,0.0010000000000000009,1112.03,0.1819
1069,1,1681264962600.0,1110.03,0.0010000000000000009,1112.02,0.0078
1070,1,1681264962900.0,1110.03,0.0010000000000000009,1112.0,0.665
1071,1,1681264963000.0,1110.03,0.0010000000000000009,1111.99,0.3868
1072,1,1681264963100.0,1110.03,0.0010000000000000009,1111.99,0.4024
1073,1,1681264963300.0,1110.03,0.0010000000000000009,1111.98,0.0172
1074,1,1681264963400.0,1110.03,0.0010000000000000009,1111.98,0.0172
1075,1,1681264963600.0,1110.03,0.0010000000000000009,1111.97,0.7119
1076,1,1681264963700.0,1110.03,0.0010000000000000009,1111.96,0.0144
1077,1,1681264963800.0,1110.03,0.0010000000000000009,1111.96,0.1713
1078,1,1681264963900.0,1110.03,0.0010000000000000009,1111.95,0.1569
1079,1,1681264964100.0,1110.03,0.0010000000000000009,1111.93,0.555
1080,1,1681264964200.0,1110.03,0.0010000000000000009,1111.93,0.555
1081,1,1681264964300.0,1110.03,0.0010000000000000009,1111.92,0.0262
1082,1,1681264964700.0,1110.03,0.0010000000000000009,1111.92,0.025
1083,1,1681264964800.0,1110.03,0.0010000000000000009,1111.92,0.0262
1084,1,1681264965000.0,1110.03,0.0010000000000000009,1111.92,0.025
1085,1,1681264965100.0,1110.03,0.0010000000000000009,1111.92,0.1819
1086,1,1681264965200.0,1110.03,0.0010000000000000009,1111.92,0.1831
1087,1,1681264965500.0,1110.03,0.0010000000000000009,1111.92,0.0262
1088,1,1681264965600.0,1110.03,0.0010000000000000009,1111.91,0.3868
1089,1,1681264965700.0,1110.03,0.0010000000000000009,1111.91,0.3868
1090,1,1681264966100.0,1110.03,0.0010000000000000009,1111.89,0.555
1091,1,1681264966300.0,1110.03,0.0010000000000000009,1111.89,0.555
1092,1,1681264966500.0,1110.03,0.0010000000000000009,1111.88,0.0078
1093,1,1681264966600.0,1110.03,0.0010000000000000009,1111.88,0.021899999999999996
1094,1,1681264966800.0,1110.03,0.0010000000000000009,1111.88,0.023099999999999996
1095,1,1681264966900.0,1110.03,0.0010000000000000009,1111.88,0.021899999999999996
1096,1,1681264967000.0,1110.03,0.0010000000000000009,1111.88,0.023099999999999996
1097,1,1681264967100.0,1110.03,0.0010000000000000009,1111.88,0.025899999999999992
1098,1,1681264967500.0,1110.03,0.0010000000000000009,1111.87,0.3868
1099,1,1681264967600.0,1110.03,0.0010000000000000009,1111.87,0.3868
1100,1,1681264967700.0,1110.03,0.0010000000000000009,1111.87,0.3868
1101,1,1681264967800.0,1110.03,0.0010000000000000009,1111.85,0.445
1102,1,1681264967900.0,1110.03,0.0010000000000000009,1111.85,0.445
1103,1,1681264968000.0,1110.03,0.0010000000000000009,1111.84,0.0337
1104,1,1681264968100.0,1110.03,0.0010000000000000009,1111.84,0.0403
1105,1,1681264968500.0,1110.03,0.0010000000000000009,1111.84,0.0337
1106,1,1681264968700.0,1110.03,0.0010000000000000009,1111.84,0.0403
1107,1,1681264969400.0,1110.03,0.0010000000000000009,1111.84,0.0325
1108,1,1681264969500.0,1110.03,0.0010000000000000009,1111.84,0.0259
1109,1,1681264969600.0,1110.03,0.0010000000000000009,1111.83,0.3868
1110,1,1681264969700.0,1110.03,0.0010000000000000009,1111.83,0.3868
1111,1,1681264969800.0,1110.03,0.0010000000000000009,1111.83,0.3868
1112,1,1681264970400.0,1110.03,0.0010000000000000009,1111.83,0.3868
1113,1,1681264970500.0,1110.03,0.0010000000000000009,1111.83,0.3868
1114,1,1681264970600.0,1110.03,0.0010000000000000009,1111.83,0.3868
1115,1,1681264970700.0,1110.03,0.0010000000000000009,1111.83,0.3868
1116,1,1681264970800.0,1110.03,0.0010000000000000009,1111.81,0.445
1117,1,1681264970900.0,1110.03,0.0010000000000000009,1111.81,0.445
1118,1,1681264971000.0,1110.03,0.0010000000000000009,1111.8,0.0403
1119,1,1681264971100.0,1110.03,0.0010000000000000009,1111.8,0.0403
1120,1,1681264971300.0,1110.03,0.0010000000000000009,1111.8,0.025900000000000003
1121,1,1681264971500.0,1110.03,0.0010000000000000009,1111.8,0.0403
1122,1,1681264971600.0,1110.03,0.0010000000000000009,1111.8,0.025900000000000003
1123,1,1681264971700.0,1110.03,0.0010000000000000009,1111.8,0.025900000000000003
1124,1,1681264971800.0,1110.03,0.0010000000000000009,1111.8,0.0403
1125,1,1681264971900.0,1110.03,0.0010000000000000009,1111.79,0.3868
1126,1,1681264972100.0,1110.03,0.0010000000000000009,1111.77,0.335
1127,1,1681264972200.0,1110.03,0.0010000000000000009,1111.77,0.335
1128,1,1681264972400.0,1110.03,0.0010000000000000009,1111.76,0.0078
1129,1,1681264972500.0,1110.03,0.0010000000000000009,1111.76,0.0325
1130,1,1681264972700.0,1110.03,0.0010000000000000009,1111.76,0.0403
1131,1,1681264972800.0,1110.03,0.0010000000000000009,1111.76,0.0325
1132,1,1681264972900.0,1110.03,0.0010000000000000009,1111.76,0.0403
1133,1,1681264973000.0,1110.03,0.0010000000000000009,1111.76,0.0337
1134,1,1681264973100.0,1110.03,0.0010000000000000009,1111.76,0.0325
1135,1,1681264973400.0,1110.03,0.0010000000000000009,1111.76,0.0337
1136,1,1681264973600.0,1110.03,0.0010000000000000009,1111.76,0.0325
1137,1,1681264973700.0,1110.03,0.0010000000000000009,1111.76,0.0337
1138,1,1681264974000.0,1110.03,0.0010000000000000009,1111.76,0.0325
1139,1,1681264974200.0,1110.03,0.0010000000000000009,1111.76,0.0337
1140,1,1681264974300.0,1110.03,0.0010000000000000009,1111.75,0.3868
1141,1,1681264974400.0,1110.03,0.0010000000000000009,1111.75,0.3868
1142,1,1681264974600.0,1110.03,0.0010000000000000009,1111.74,0.445
1143,1,1681264974900.0,1110.03,0.0010000000000000009,1111.74,0.445
1144,1,1681264975100.0,1110.03,0.0010000000000000009,1111.73,0.0337
1145,1,1681264975300.0,1110.03,0.0010000000000000009,1111.73,0.0259
1146,1,1681264975500.0,1110.03,0.0010000000000000009,1111.73,0.0337
1147,1,1681264975800.0,1110.03,0.0010000000000000009,1111.73,0.0259
1148,1,1681264975900.0,1110.03,0.0010000000000000009,1111.73,0.0337
1149,1,1681264976100.0,1110.03,0.0010000000000000009,1111.73,0.0325
1150,1,1681264976400.0,1110.03,0.0010000000000000009,1111.73,0.0337
1151,1,1681264976600.0,1110.03,0.0010000000000000009,1111.73,0.0325
1152,1,1681264976700.0,1110.03,0.0010000000000000009,1111.73,0.0403
1153,1,1681264976800.0,1110.03,0.0010000000000000009,1111.72,0.3868
1154,1,1681264976900.0,1110.03,0.0010000000000000009,1111.72,0.3868
1155,1,1681264977500.0,1110.03,0.0010000000000000009,1111.7,0.439
1156,1,1681264978100.0,1110.03,0.0010000000000000009,1111.7,0.439
1157,1,1681264978200.0,1110.03,0.0010000000000000009,1111.7,0.439
1158,1,1681264978300.0,1110.03,0.0010000000000000009,1111.69,0.0325
1159,1,1681264978500.0,1110.03,0.0010000000000000009,1111.69,0.0337
1160,1,1681264978600.0,1110.03,0.0010000000000000009,1111.69,0.0325
1161,1,1681264978800.0,1110.03,0.0010000000000000009,1111.69,0.0337
1162,1,1681264978900.0,1110.03,0.0010000000000000009,1111.69,0.0325
1163,1,1681264979000.0,1110.03,0.0010000000000000009,1111.68,0.3868
1164,1,1681264979100.0,1110.03,0.0010000000000000009,1111.66,0.329
1165,1,1681264979300.0,1110.03,0.0010000000000000009,1111.65,0.0325
1166,1,1681264979700.0,1110.03,0.0010000000000000009,1111.65,0.0337
1167,1,1681264979800.0,1110.03,0.0010000000000000009,1111.65,0.0325
1168,1,1681264980000.0,1110.03,0.0010000000000000009,1111.65,0.0337
1169,1,1681264980100.0,1110.03,0.0010000000000000009,1111.65,0.0325
1170,1,1681264980400.0,1110.03,0.0010000000000000009,1111.65,0.0337
1171,1,1681264980500.0,1110.03,0.0010000000000000009,1111.65,0.0325
1172,1,1681264980600.0,1110.03,0.0010000000000000009,1111.65,0.0337
1173,1,1681264980700.0,1110.03,0.0010000000000000009,1111.65,0.0325
1174,1,1681264980800.0,1110.03,0.0010000000000000009,1111.65,0.0337
1175,1,1681264980900.0,1110.03,0.0010000000000000009,1111.65,0.0325
1176,1,1681264981000.0,1110.03,0.0010000000000000009,1111.65,0.0337
1177,1,1681264981100.0,1110.03,0.0010000000000000009,1111.65,0.0337
1178,1,1681264981200.0,1110.03,0.0010000000000000009,1111.64,0.3868
1179,1,1681264981400.0,1110.03,0.0010000000000000009,1111.64,0.3868
1180,1,1681264981500.0,1110.03,0.0010000000000000009,1111.62,0.219
1181,1,1681264981600.0,1110.03,0.0010000000000000009,1111.62,0.219
1182,1,1681264981700.0,1110.03,0.0010000000000000009,1111.61,0.0337
1183,1,1681264981800.0,1110.03,0.0010000000000000009,1111.61,0.0259
1184,1,1681264982000.0,1110.03,0.0010000000000000009,1111.61,0.0337
1185,1,1681264982100.0,1110.03,0.0010000000000000009,1111.61,0.0325
1186,1,1681264982200.0,1110.03,0.0010000000000000009,1111.61,0.0337
1187,1,1681264982300.0,1110.03,0.0010000000000000009,1111.61,0.0325
1188,1,1681264982800.0,1110.03,0.0010000000000000009,1111.61,0.0325
1189,1,1681264983000.0,1110.03,0.0010000000000000009,1111.61,0.0325
1190,1,1681264983100.0,1110.03,0.0010000000000000009,1111.61,0.0337
1191,1,1681264983400.0,1110.03,0.0010000000000000009,1111.61,0.0325
1192,1,1681264983500.0,1110.03,0.0010000000000000009,1111.6,0.0236
1193,1,1681264983600.0,1110.03,0.0010000000000000009,1111.6,0.0236
1194,1,1681264983700.0,1110.03,0.0010000000000000009,1111.59,0.3396
1195,1,1681264983800.0,1110.03,0.0010000000000000009,1111.58,0.0078
1196,1,1681264984300.0,1110.03,0.0010000000000000009,1111.58,0.0078
1197,1,1681264984500.0,1110.03,0.0010000000000000009,1111.58,0.0325
1198,1,1681264984700.0,1110.03,0.0010000000000000009,1111.58,0.0337
1199,1,1681264984800.0,1110.03,0.0010000000000000009,1111.58,0.0325
1200,1,1681264984900.0,1110.03,0.0010000000000000009,1111.58,0.0337
1201,1,1681264985300.0,1110.03,0.0010000000000000009,1111.57,0.0236
1202,1,1681264985400.0,1110.03,0.0010000000000000009,1111.57,0.0236
1203,1,1681264985500.0,1110.03,0.0010000000000000009,1111.57,0.0236
1204,1,1681264985600.0,1110.03,0.0010000000000000009,1111.57,0.0236
1205,1,1681264985700.0,1110.03,0.0010000000000000009,1111.57,0.0236
1206,1,1681264985900.0,1110.03,0.0010000000000000009,1111.56,0.225
1207,1,1681264986500.0,1110.03,0.0010000000000000009,1111.55,0.0325
1208,1,1681264986700.0,1110.03,0.0010000000000000009,1111.55,0.0337
1209,1,1681264986800.0,1110.03,0.0010000000000000009,1111.55,0.0325
1210,1,1681264986900.0,1110.03,0.0010000000000000009,1111.55,0.0325
1211,1,1681264987000.0,1110.03,0.0010000000000000009,1111.55,0.0337
1212,1,1681264987100.0,1110.03,0.0010000000000000009,1111.55,0.0325
1213,1,1681264987200.0,1110.03,0.0010000000000000009,1111.55,0.0337
1214,1,1681264987300.0,1110.03,0.0010000000000000009,1111.55,0.0337
1215,1,1681264987400.0,1110.03,0.0010000000000000009,1111.55,0.0337
1216,1,1681264987600.0,1110.03,0.0010000000000000009,1113.44,0.0066
1217,1,1681264987700.0,1110.03,0.0010000000000000009,1113.43,0.677
1218,1,1681264987800.0,1110.03,0.0010000000000000009,1113.42,0.3054
1219,1,1681264987900.0,1110.03,0.0010000000000000009,1113.41,0.32330000000000003
1220,1,1681264988000.0,1110.03,0.0010000000000000009,1113.39,0.677
1221,1,1681264988400.0,1110.03,0.0010000000000000009,1113.38,0.3386
1222,1,1681264988500.0,1110.03,0.0010000000000000009,1113.38,0.3386
1223,1,1681264988600.0,1110.03,0.0010000000000000009,1113.37,0.29009999999999997
1224,1,1681264988700.0,1110.03,0.0010000000000000009,1113.37,0.29009999999999997
1225,1,1681264988900.0,1110.03,0.0010000000000000009,1113.35,0.677
1226,1,1681264989400.0,1110.03,0.0010000000000000009,1113.34,0.3504
1227,1,1681264989500.0,1110.03,0.0010000000000000009,1113.33,0.3868
1228,1,1681264989600.0,1110.03,0.0010000000000000009,1113.31,0.677
1229,1,1681264989700.0,1110.03,0.0010000000000000009,1113.31,0.677
1230,1,1681264989800.0,1110.03,0.0010000000000000009,1113.3,0.1936
1231,1,1681264989900.0,1110.03,0.0010000000000000009,1113.3,0.3504
1232,1,1681264990000.0,1110.03,0.0010000000000000009,1113.29,0.2783
1233,1,1681264990100.0,1110.03,0.0010000000000000009,1113.27,0.677
1234,1,1681264990500.0,1110.03,0.0010000000000000009,1113.26,0.3386
1235,1,1681264990600.0,1110.03,0.0010000000000000009,1113.25,0.2901
1236,1,1681264990700.0,1110.03,0.0010000000000000009,1113.24,0.677
1237,1,1681264990800.0,1110.03,0.0010000000000000009,1113.24,1.0003000000000002
1238,1,1681264990900.0,1110.03,0.0010000000000000009,1113.23,0.3054
1239,1,1681264991500.0,1110.03,0.0010000000000000009,1113.22,0.0516
1240,1,1681264991600.0,1110.03,0.0010000000000000009,1113.2,0.677
1241,1,1681264991700.0,1110.03,0.0010000000000000009,1113.19,0.3233
1242,1,1681264991800.0,1110.03,0.0010000000000000009,1113.17,0.677
1243,1,1681264991900.0,1110.03,0.0010000000000000009,1113.16,0.3233
1244,1,1681264992000.0,1110.03,0.0010000000000000009,1113.15,0.2976
1245,1,1681264992100.0,1110.03,0.0010000000000000009,1113.15,0.2976
1246,1,1681264992200.0,1110.03,0.0010000000000000009,1113.14,0.677
1247,1,1681264992300.0,1110.03,0.0010000000000000009,1113.14,0.677
1248,1,1681264992400.0,1110.03,0.0010000000000000009,1113.13,0.3233
1249,1,1681264992600.0,1110.03,0.0010000000000000009,1113.11,0.677
1250,1,1681264992800.0,1110.03,0.0010000000000000009,1113.11,0.677
1251,1,1681264992900.0,1110.03,0.0010000000000000009,1113.11,0.677
1252,1,1681264993000.0,1110.03,0.0010000000000000009,1113.11,0.677
1253,1,1681264993200.0,1110.03,0.0010000000000000009,1113.1,0.1568
1254,1,1681264993300.0,1110.03,0.0010000000000000009,1113.1,0.2717
1255,1,1681264993500.0,1110.03,0.0010000000000000009,1113.1,1.2117
1256,1,1681264993600.0,1110.03,0.0010000000000000009,1113.1,1.2117
1257,1,1681264993700.0,1110.03,0.0010000000000000009,1113.1,1.2633
1258,1,1681264993800.0,1110.03,0.0010000000000000009,1113.08,0.677
1259,1,1681264994000.0,1110.03,0.0010000000000000009,1113.07,0.3351
1260,1,1681264994200.0,1110.03,0.0010000000000000009,1113.05,0.677
1261,1,1681264994500.0,1110.03,0.0010000000000000009,1113.04,0.3351
1262,1,1681264994800.0,1110.03,0.0010000000000000009,1113.02,0.677
1263,1,1681264995000.0,1110.03,0.0010000000000000009,1113.01,0.3351
1264,1,1681264995100.0,1110.03,0.0010000000000000009,1113.0,0.29359999999999997
1265,1,1681264995200.0,1110.03,0.0010000000000000009,1113.0,0.29359999999999997
1266,1,1681264995300.0,1110.03,0.0010000000000000009,1113.0,0.29359999999999997
1267,1,1681264995400.0,1110.03,0.0010000000000000009,1112.98,0.677
1268,1,1681264995500.0,1110.03,0.0010000000000000009,1112.98,0.677
1269,1,1681264995600.0,1110.03,0.0010000000000000009,1112.97,0.3233
1270,1,1681264995700.0,1110.03,0.0010000000000000009,1112.96,0.3054
1271,1,1681264995800.0,1110.03,0.0010000000000000009,1112.94,0.677
1272,1,1681264995900.0,1110.03,0.0010000000000000009,1112.93,0.3351
1273,1,1681264996000.0,1110.03,0.0010000000000000009,1112.92,0.29359999999999997
1274,1,1681264996100.0,1110.03,0.0010000000000000009,1112.92,0.29359999999999997
1275,1,1681264996300.0,1110.03,0.0010000000000000009,1112.9,0.677
1276,1,1681264996500.0,1110.03,0.0010000000000000009,1112.89,0.33509999999999995
1277,1,1681264996700.0,1110.03,0.0010000000000000009,1112.87,0.677
1278,1,1681264996800.0,1110.03,0.0010000000000000009,1112.86,0.2901
1279,1,1681264996900.0,1110.03,0.0010000000000000009,1112.86,0.3351
1280,1,1681264997000.0,1110.03,0.0010000000000000009,1112.85,0.29359999999999997
1281,1,1681264997100.0,1110.03,0.0010000000000000009,1112.84,0.677
1282,1,1681264997200.0,1110.03,0.0010000000000000009,1112.83,0.3273
1283,1,1681264997300.0,1110.03,0.0010000000000000009,1112.82,0.3014
1284,1,1681264997400.0,1110.03,0.0010000000000000009,1112.81,0.677
1285,1,1681264997700.0,1110.03,0.0010000000000000009,1112.8,0.0556
1286,1,1681264997800.0,1110.03,0.0010000000000000009,1112.8,0.0556
1287,1,1681264997900.0,1110.03,0.0010000000000000009,1112.8,0.07869999999999999
1288,1,1681264998100.0,1110.03,0.0010000000000000009,1112.8,0.07089999999999999
1289,1,1681264998500.0,1110.03,0.0010000000000000009,1112.79,0.3868
1290,1,1681264998700.0,1110.03,0.0010000000000000009,1112.77,0.677
1291,1,1681264998800.0,1110.03,0.0010000000000000009,1112.76,0.0853
1292,1,1681264999000.0,1110.03,0.0010000000000000009,1112.76,0.0853
1293,1,1681264999100.0,1110.03,0.0010000000000000009,1112.76,0.0853
1294,1,1681264999300.0,1110.03,0.0010000000000000009,1112.76,0.0853
1295,1,1681264999400.0,1110.03,0.0010000000000000009,1112.76,0.0853
1296,1,1681264999500.0,1110.03,0.0010000000000000009,1112.76,0.0853
1297,1,1681264999600.0,1110.03,0.0010000000000000009,1112.76,0.0709
1298,1,1681264999800.0,1110.03,0.0010000000000000009,1112.76,0.0853
1299,1,1681264999900.0,1110.03,0.0010000000000000009,1112.76,0.0853
1300,1,1681265000300.0,1110.03,0.0010000000000000009,1112.76,0.0853
1301,1,1681265000500.0,1110.03,0.0010000000000000009,1112.76,0.0853
1302,1,1681265000600.0,1110.03,0.0010000000000000009,1112.76,0.0853
1303,1,1681265001200.0,1110.03,0.0010000000000000009,1112.76,0.0709
1304,1,1681265001400.0,1110.03,0.0010000000000000009,1112.75,0.3868
1305,1,1681265001500.0,1110.03,0.0010000000000000009,1112.75,0.3868
1306,1,1681265001800.0,1110.03,0.0010000000000000009,1112.74,0.0144
1307,1,1681265001900.0,1110.03,0.0010000000000000009,1112.73,0.677
1308,1,1681265002000.0,1110.03,0.0010000000000000009,1112.73,0.677
1309,1,1681265002100.0,1110.03,0.0010000000000000009,1112.73,0.677
1310,1,1681265002200.0,1110.03,0.0010000000000000009,1112.72,0.0259
1311,1,1681265003200.0,1110.03,0.0010000000000000009,1112.72,0.0325
1312,1,1681265003300.0,1110.03,0.0010000000000000009,1112.71,0.3868
1313,1,1681265003400.0,1110.03,0.0010000000000000009,1112.71,0.3868
1314,1,1681265003600.0,1110.03,0.0010000000000000009,1112.7,0.6836000000000001
1315,1,1681265003700.0,1110.03,0.0010000000000000009,1112.69,0.0337
1316,1,1681265003800.0,1110.03,0.0010000000000000009,1112.69,0.0325
1317,1,1681265003900.0,1110.03,0.0010000000000000009,1112.69,0.0337
1318,1,1681265004100.0,1110.03,0.0010000000000000009,1112.69,0.0325
1319,1,1681265004500.0,1110.03,0.0010000000000000009,1112.69,0.0337
1320,1,1681265004700.0,1110.03,0.0010000000000000009,1112.69,0.0325
1321,1,1681265004900.0,1110.03,0.0010000000000000009,1112.69,0.0403
1322,1,1681265005000.0,1110.03,0.0010000000000000009,1112.69,0.0325
1323,1,1681265005400.0,1110.03,0.0010000000000000009,1112.69,0.0337
1324,1,1681265005500.0,1110.03,0.0010000000000000009,1112.68,0.3868
1325,1,1681265005600.0,1110.03,0.0010000000000000009,1112.67,0.0066
1326,1,1681265005700.0,1110.03,0.0010000000000000009,1112.67,0.0403
1327,1,1681265005800.0,1110.03,0.0010000000000000009,1112.66,0.677
1328,1,1681265005900.0,1110.03,0.0010000000000000009,1112.65,0.0066
1329,1,1681265006000.0,1110.03,0.0010000000000000009,1112.65,0.0337
1330,1,1681265006100.0,1110.03,0.0010000000000000009,1112.65,0.0325
1331,1,1681265006300.0,1110.03,0.0010000000000000009,1112.65,0.0337
1332,1,1681265006800.0,1110.03,0.0010000000000000009,1112.65,0.0337
1333,1,1681265006900.0,1110.03,0.0010000000000000009,1112.65,0.0325
1334,1,1681265007300.0,1110.03,0.0010000000000000009,1112.65,0.0337
1335,1,1681265007500.0,1110.03,0.0010000000000000009,1112.65,0.0325
1336,1,1681265007600.0,1110.03,0.0010000000000000009,1112.65,0.0337
1337,1,1681265007700.0,1110.03,0.0010000000000000009,1112.65,0.0325
1338,1,1681265007800.0,1110.03,0.0010000000000000009,1112.63,0.677
1339,1,1681265008000.0,1110.03,0.0010000000000000009,1112.62,0.0066
1340,1,1681265008100.0,1110.03,0.0010000000000000009,1112.62,0.0337
1341,1,1681265008700.0,1110.03,0.0010000000000000009,1112.62,0.0337
1342,1,1681265009400.0,1110.03,0.0010000000000000009,1112.62,0.0403
1343,1,1681265009500.0,1110.03,0.0010000000000000009,1112.62,0.0325
1344,1,1681265009600.0,1110.03,0.0010000000000000009,1112.62,0.0325
1345,1,1681265009700.0,1110.03,0.0010000000000000009,1112.62,0.0337
1346,1,1681265009800.0,1110.03,0.0010000000000000009,1112.62,0.0337
1347,1,1681265009900.0,1110.03,0.0010000000000000009,1112.61,0.3868
1348,1,1681265010000.0,1110.03,0.0010000000000000009,1112.59,0.677
1349,1,1681265010200.0,1110.03,0.0010000000000000009,1112.58,0.0325
1350,1,1681265010500.0,1110.03,0.0010000000000000009,1112.58,0.0337
1351,1,1681265010700.0,1110.03,0.0010000000000000009,1112.58,0.0325
1352,1,1681265010900.0,1110.03,0.0010000000000000009,1112.58,0.0337
1353,1,1681265011000.0,1110.03,0.0010000000000000009,1112.58,0.0325
1354,1,1681265011500.0,1110.03,0.0010000000000000009,1112.58,0.0337
1355,1,1681265011600.0,1110.03,0.0010000000000000009,1112.58,0.0337
1356,1,1681265011700.0,1110.03,0.0010000000000000009,1112.58,0.0325
1357,1,1681265011800.0,1110.03,0.0010000000000000009,1112.58,0.0325
1358,1,1681265012000.0,1110.03,0.0010000000000000009,1112.58,0.0325
1359,1,1681265012100.0,1110.03,0.0010000000000000009,1112.56,0.677
1360,1,1681265012200.0,1110.03,0.0010000000000000009,1112.56,0.677
1361,1,1681265012400.0,1110.03,0.0010000000000000009,1112.55,0.146
1362,1,1681265012600.0,1110.03,0.0010000000000000009,1112.53,0.677
1363,1,1681265012700.0,1110.03,0.0010000000000000009,1112.52,0.0078
1364,1,1681265012900.0,1110.03,0.0010000000000000009,1112.52,0.032499999999999994
1365,1,1681265013000.0,1110.03,0.0010000000000000009,1112.52,0.033699999999999994
1366,1,1681265013100.0,1110.03,0.0010000000000000009,1112.52,0.032499999999999994
1367,1,1681265013500.0,1110.03,0.0010000000000000009,1112.52,0.1797
1368,1,1681265013600.0,1110.03,0.0010000000000000009,1112.51,0.0066
1369,1,1681265013700.0,1110.03,0.0010000000000000009,1112.51,0.0184
1370,1,1681265013800.0,1110.03,0.0010000000000000009,1112.49,0.0066
1371,1,1681265013900.0,1110.03,0.0010000000000000009,1112.49,0.0337
1372,1,1681265014000.0,1110.03,0.0010000000000000009,1112.49,0.0337
1373,1,1681265014100.0,1110.03,0.0010000000000000009,1112.49,0.0325
1374,1,1681265014200.0,1110.03,0.0010000000000000009,1112.48,0.3868
1375,1,1681265014400.0,1110.03,0.0010000000000000009,1112.47,0.0078
1376,1,1681265014500.0,1110.03,0.0010000000000000009,1112.46,0.677
1377,1,1681265014600.0,1110.03,0.0010000000000000009,1112.45,0.0325
1378,1,1681265014800.0,1110.03,0.0010000000000000009,1112.45,0.0337
1379,1,1681265014900.0,1110.03,0.0010000000000000009,1112.45,0.0337
1380,1,1681265015000.0,1110.03,0.0010000000000000009,1112.45,0.0325
1381,1,1681265015100.0,1110.03,0.0010000000000000009,1112.45,0.023100000000000002
1382,1,1681265015200.0,1110.03,0.0010000000000000009,1112.45,0.023100000000000002
1383,1,1681265015300.0,1110.03,0.0010000000000000009,1112.45,0.0325
1384,1,1681265015700.0,1110.03,0.0010000000000000009,1112.45,0.0337
1385,1,1681265015800.0,1110.03,0.0010000000000000009,1112.45,0.0325
1386,1,1681265015900.0,1110.03,0.0010000000000000009,1112.45,0.0337
1387,1,1681265016100.0,1110.03,0.0010000000000000009,1112.45,0.0325
1388,1,1681265016400.0,1110.03,0.0010000000000000009,1112.45,0.0337
1389,1,1681265016600.0,1110.03,0.0010000000000000009,1112.44,0.3868
1390,1,1681265016700.0,1110.03,0.0010000000000000009,1112.44,0.3868
1391,1,1681265016800.0,1110.03,0.0010000000000000009,1112.44,0.3868
1392,1,1681265016900.0,1110.03,0.0010000000000000009,1112.44,0.3868
1393,1,1681265017000.0,1110.03,0.0010000000000000009,1112.44,0.3868
1394,1,1681265017100.0,1110.03,0.0010000000000000009,1112.42,0.677
1395,1,1681265017800.0,1110.03,0.0010000000000000009,1112.42,1.6171000000000002
1396,1,1681265018100.0,1110.03,0.0010000000000000009,1112.41,0.0337
1397,1,1681265018300.0,1110.03,0.0010000000000000009,1112.41,0.0325
1398,1,1681265018500.0,1110.03,0.0010000000000000009,1112.41,0.0325
1399,1,1681265018600.0,1110.03,0.0010000000000000009,1112.41,0.0337
1400,1,1681265018700.0,1110.03,0.0010000000000000009,1112.41,0.0325
1401,1,1681265018800.0,1110.03,0.0010000000000000009,1112.4,0.3868
1402,1,1681265018900.0,1110.03,0.0010000000000000009,1112.39,0.0078
1403,1,1681265019000.0,1110.03,0.0010000000000000009,1112.37,0.0325
1404,1,1681265019200.0,1110.03,0.0010000000000000009,1112.37,0.0337
1405,1,1681265019500.0,1110.03,0.0010000000000000009,1112.37,0.0325
1406,1,1681265019700.0,1110.03,0.0010000000000000009,1112.37,0.0337
1407,1,1681265019800.0,1110.03,0.0010000000000000009,1112.37,0.0403
1408,1,1681265019900.0,1110.03,0.0010000000000000009,1112.37,0.0337
1409,1,1681265020100.0,1110.03,0.0010000000000000009,1112.37,0.0325
1410,1,1681265020200.0,1110.03,0.0010000000000000009,1112.37,0.0337
1411,1,1681265020600.0,1110.03,0.0010000000000000009,1112.37,0.0325
1412,1,1681265020800.0,1110.03,0.0010000000000000009,1112.37,0.0337
1413,1,1681265020900.0,1110.03,0.0010000000000000009,1112.36,0.3868
1414,1,1681265021000.0,1110.03,0.0010000000000000009,1112.36,0.3868
1415,1,1681265021600.0,1110.03,0.0010000000000000009,1112.36,0.3868
1416,1,1681265021700.0,1110.03,0.0010000000000000009,1112.34,0.677
1417,1,1681265021800.0,1110.03,0.0010000000000000009,1112.34,0.677
1418,1,1681265022000.0,1110.03,0.0010000000000000009,1112.33,0.0231
1419,1,1681265022100.0,1110.03,0.0010000000000000009,1112.33,0.0153
1420,1,1681265022200.0,1110.03,0.0010000000000000009,1112.33,0.0231
1421,1,1681265022500.0,1110.03,0.0010000000000000009,1112.33,0.0153
1422,1,1681265022600.0,1110.03,0.0010000000000000009,1112.33,0.0231
1423,1,1681265022700.0,1110.03,0.0010000000000000009,1112.32,0.1461
1424,1,1681265022800.0,1110.03,0.0010000000000000009,1112.29,0.0172
1425,1,1681265022900.0,1110.03,0.0010000000000000009,1112.29,0.0337
1426,1,1681265023100.0,1110.03,0.0010000000000000009,1112.29,0.0325
1427,1,1681265023300.0,1110.03,0.0010000000000000009,1112.29,0.0337
1428,1,1681265023500.0,1110.03,0.0010000000000000009,1112.29,0.1786
1429,1,1681265023700.0,1110.03,0.0010000000000000009,1112.28,0.0078
1430,1,1681265023900.0,1110.03,0.0010000000000000009,1112.27,0.677
1431,1,1681265024000.0,1110.03,0.0010000000000000009,1112.26,0.0078
1432,1,1681265024100.0,1110.03,0.0010000000000000009,1112.26,0.0325
1433,1,1681265024300.0,1110.03,0.0010000000000000009,1112.26,0.0337
1434,1,1681265024500.0,1110.03,0.0010000000000000009,1112.26,0.0337
1435,1,1681265024700.0,1110.03,0.0010000000000000009,1112.26,0.0325
1436,1,1681265024800.0,1110.03,0.0010000000000000009,1112.26,0.0325
1437,1,1681265024900.0,1110.03,0.0010000000000000009,1112.24,0.677
1438,1,1681265025000.0,1110.03,0.0010000000000000009,1112.24,0.677
1439,1,1681265025100.0,1110.03,0.0010000000000000009,1112.24,0.677
1440,1,1681265025200.0,1110.03,0.0010000000000000009,1112.24,0.677
1441,1,1681265025600.0,1110.03,0.0010000000000000009,1112.24,0.677
1442,1,1681265025700.0,1110.03,0.0010000000000000009,1112.24,0.677
1443,1,1681265026100.0,1110.03,0.0010000000000000009,1112.24,0.677
1444,1,1681265026200.0,1110.03,0.0010000000000000009,1112.24,0.677
1445,1,1681265026400.0,1110.03,0.0010000000000000009,1112.24,0.677
1446,1,1681265026600.0,1110.03,0.0010000000000000009,1112.24,0.677
1447,1,1681265026900.0,1110.03,0.0010000000000000009,1112.23,0.0403
1448,1,1681265027200.0,1110.03,0.0010000000000000009,1112.23,0.025900000000000003
1449,1,1681265027500.0,1110.03,0.0010000000000000009,1112.23,0.025900000000000003
1450,1,1681265027600.0,1110.03,0.0010000000000000009,1112.22,0.7958
1451,1,1681265027700.0,1110.03,0.0010000000000000009,1112.22,0.7958
1452,1,1681265027800.0,1110.03,0.0010000000000000009,1112.22,0.7958
1453,1,1681265028000.0,1110.04,0.0222,1112.21,0.0403
1454,1,1681265028100.0,1110.04,0.0222,1112.21,0.025900000000000003
1455,1,1681265028300.0,1110.04,0.0222,1112.21,0.0403
1456,1,1681265028400.0,1110.04,0.0222,1112.21,0.0403
1457,1,1681265028500.0,1110.04,0.0222,1112.21,0.025900000000000003
1458,1,1681265028700.0,1110.04,0.0222,1112.21,0.0403
1459,1,1681265028900.0,1110.04,0.0222,1112.21,0.0403
1460,1,1681265029000.0,1110.04,0.0222,1112.21,0.0403
1461,1,1681265029400.0,1110.04,0.0222,1112.21,0.025900000000000003
1462,1,1681265029500.0,1110.04,0.0222,1112.21,0.0403
1463,1,1681265029600.0,1110.04,0.0222,1112.21,0.0403
1464,1,1681265029700.0,1110.04,0.0222,1112.21,0.025900000000000003
1465,1,1681265029800.0,1110.04,0.0222,1112.18,0.251
1466,1,1681265029900.0,1110.04,0.0222,1112.18,0.251
1467,1,1681265030100.0,1110.04,0.0222,1112.17,0.0259
1468,1,1681265030700.0,1110.04,0.0222,1112.17,0.0325
1469,1,1681265030800.0,1110.04,0.0222,1112.17,0.0337
1470,1,1681265030900.0,1110.04,0.0222,1112.17,0.0337
1471,1,1681265031000.0,1110.04,0.0222,1112.17,0.0325
1472,1,1681265031200.0,1110.04,0.0222,1112.17,0.023100000000000002
1473,1,1681265031700.0,1110.04,0.0222,1112.17,0.0325
1474,1,1681265031800.0,1110.04,0.0222,1112.17,0.0337
1475,1,1681265032000.0,1110.04,0.0222,1112.17,0.0325
1476,1,1681265032200.0,1110.04,0.0222,1112.16,0.3868
1477,1,1681265032400.0,1110.04,0.0222,1112.16,0.3868
1478,1,1681265032600.0,1110.04,0.0222,1112.15,0.0078
1479,1,1681265032800.0,1110.04,0.0222,1112.14,0.109
1480,1,1681265033200.0,1110.04,0.0222,1112.13,0.0078
1481,1,1681265033300.0,1110.04,0.0222,1112.13,0.0078
1482,1,1681265033600.0,1110.04,0.0222,1112.13,0.0078
1483,1,1681265033700.0,1110.04,0.0222,1112.13,0.0078
1484,1,1681265033900.0,1110.04,0.0222,1112.13,0.0078
1485,1,1681265034000.0,1110.04,0.0222,1112.13,0.0325
1486,1,1681265034200.0,1110.04,0.0222,1112.13,0.0325
1487,1,1681265034300.0,1110.04,0.0222,1112.13,0.0325
1488,1,1681265034500.0,1110.04,0.0222,1112.13,0.0325
1489,1,1681265034600.0,1110.04,0.0222,1112.12,0.3868
1490,1,1681265034700.0,1110.05,0.547,1112.12,0.3868
1491,1,1681265034800.0,1110.07,0.506,1112.11,0.0066
1492,1,1681265034900.0,1110.08,0.5692,1112.11,0.0066
1493,1,1681265035000.0,1110.08,0.5692,1112.11,0.0337
1494,1,1681265035100.0,1110.08,0.5692,1112.11,0.0325
1495,1,1681265035200.0,1110.08,0.5692,1112.11,0.0337
1496,1,1681265035300.0,1110.08,0.5692,1112.11,0.0337
1497,1,1681265035400.0,1110.08,0.5692,1112.11,0.0325
1498,1,1681265035500.0,1110.08,0.5692,1112.11,0.0337
1499,1,1681265035900.0,1110.08,0.5692,1112.11,0.0325
1500,1,1681265036100.0,1110.08,0.5692,1112.11,0.018600000000000002
1501,1,1681265036200.0,1110.08,0.5692,1112.11,0.018600000000000002
1502,1,1681265036300.0,1110.09,0.506,1112.11,0.018600000000000002
1503,1,1681265036400.0,1110.1,0.0222,1112.11,0.019799999999999998
1504,1,1681265036600.0,1110.11,0.547,1112.11,0.0186
1505,1,1681265036700.0,1110.12,0.0061,1112.11,0.011999999999999999
1506,1,1681265036800.0,1110.13,0.547,1112.11,0.0186
1507,1,1681265036900.0,1110.14,0.0283,1112.11,0.019799999999999998
1508,1,1681265037400.0,1110.14,0.0283,1112.11,0.0186
1509,1,1681265037600.0,1110.14,0.0283,1112.11,0.019799999999999998
1510,1,1681265037700.0,1110.14,0.0283,1112.11,0.0186
1511,1,1681265037800.0,1110.14,0.0283,1112.11,0.0186
1512,1,1681265038000.0,1110.14,0.0283,1112.72,0.0066
1513,1,1681265038100.0,1110.14,0.0283,1112.72,0.0189
1514,1,1681265038200.0,1110.14,0.0283,1112.72,0.0123
1515,1,1681265038600.0,1110.14,0.0283,1112.72,0.0172
1516,1,1681265038700.0,1110.14,0.0283,1112.72,0.0123
1517,1,1681265038900.0,1110.14,0.0283,1112.72,0.0123
1518,1,1681265039400.0,1110.14,0.0283,1112.72,0.0106
1519,1,1681265039500.0,1110.15,0.506,1112.71,0.3868
1520,1,1681265039600.0,1110.16,0.028300000000000002,1112.7,0.37539999999999996
1521,1,1681265039800.0,1110.16,0.028300000000000002,1112.69,0.0123
1522,1,1681265039900.0,1110.16,0.028300000000000002,1112.69,0.0123
1523,1,1681265040000.0,1110.16,0.028300000000000002,1112.69,0.025
1524,1,1681265040100.0,1110.16,0.028300000000000002,1112.69,0.025
1525,1,1681265040300.0,1110.16,0.028300000000000002,1112.69,0.025
1526,1,1681265040400.0,1110.16,0.028300000000000002,1112.69,0.012300000000000002
1527,1,1681265040500.0,1110.16,0.028300000000000002,1112.69,0.012300000000000002
1528,1,1681265040600.0,1110.16,0.028300000000000002,1112.69,0.025
1529,1,1681265040700.0,1110.16,0.028300000000000002,1112.69,0.012300000000000002
1530,1,1681265040800.0,1110.16,0.028300000000000002,1112.69,0.012300000000000002
1531,1,1681265040900.0,1110.16,0.028300000000000002,1112.69,0.010600000000000002
1532,1,1681265041100.0,1110.16,0.028300000000000002,1112.69,0.010600000000000002
1533,1,1681265041300.0,1110.16,0.028300000000000002,1112.68,0.3868
1534,1,1681265041400.0,1110.16,0.028300000000000002,1112.68,0.3868
1535,1,1681265041600.0,1110.16,0.028300000000000002,1112.67,0.141
1536,1,1681265041800.0,1110.17,0.1631,1112.67,0.141
1537,1,1681265041900.0,1110.18,0.0222,1112.67,0.141
1538,1,1681265042300.0,1110.19,0.506,1112.67,0.141
1539,1,1681265042400.0,1110.19,0.5282,1112.67,0.141
1540,1,1681265042500.0,1110.19,0.5282,1112.67,0.141
1541,1,1681265042600.0,1110.2,0.0061,1112.66,0.0161
1542,1,1681265042800.0,1110.2,0.0061,1112.66,0.0161
1543,1,1681265043200.0,1110.21,0.1853,1112.66,0.010600000000000002
1544,1,1681265043500.0,1110.21,0.1853,1112.66,0.010600000000000002
1545,1,1681265043600.0,1110.22,0.0061,1112.66,0.0267
1546,1,1681265043800.0,1110.22,0.0061,1112.65,0.3868
1547,1,1681265043900.0,1110.22,0.0061,1112.63,0.109
1548,1,1681265044000.0,1110.22,0.0061,1112.62,0.0106
1549,1,1681265044500.0,1110.22,0.0061,1112.62,0.0189
1550,1,1681265044700.0,1110.22,0.0061,1112.62,0.0106
1551,1,1681265044900.0,1110.22,0.0061,1112.62,0.0267
1552,1,1681265045000.0,1110.22,0.0061,1112.62,0.010600000000000002
1553,1,1681265045100.0,1110.22,0.0061,1112.62,0.0267
1554,1,1681265045300.0,1110.22,0.0061,1112.62,0.0267
1555,1,1681265045500.0,1110.24,0.028300000000000002,1112.62,0.010600000000000002
1556,1,1681265045600.0,1110.25,0.1631,1112.62,0.0267
1557,1,1681265045700.0,1110.28,0.0222,1112.62,0.010600000000000002
1558,1,1681265045800.0,1110.3,0.0222,1112.62,0.0172
1559,1,1681265046000.0,1110.32,0.0222,1112.61,0.3868
1560,1,1681265046100.0,1110.33,0.1631,1112.59,0.109
1561,1,1681265046200.0,1110.35,0.1631,1112.58,0.0106
1562,1,1681265046300.0,1110.36,0.0222,1112.58,0.0106
1563,1,1681265046400.0,1110.37,0.1853,1112.58,0.0172
1564,1,1681265046600.0,1110.39,0.0222,1112.58,0.0106
1565,1,1681265046800.0,1110.41,0.0222,1112.58,0.0172
1566,1,1681265046900.0,1110.41,0.028300000000000002,1112.58,0.0201
1567,1,1681265047000.0,1110.41,0.028300000000000002,1112.58,0.0172
1568,1,1681265047200.0,1110.43,0.0222,1112.58,0.0172
1569,1,1681265047300.0,1110.43,0.0222,1112.58,0.0172
1570,1,1681265047400.0,1110.43,0.0222,1112.58,0.0172
1571,1,1681265047800.0,1110.43,0.028300000000000002,1112.58,0.0189
1572,1,1681265047900.0,1110.43,0.028300000000000002,1112.58,0.0172
1573,1,1681265048100.0,1110.43,0.028300000000000002,1112.58,0.0184
1574,1,1681265048200.0,1110.43,0.028300000000000002,1112.58,0.0172
1575,1,1681265048300.0,1110.43,0.028300000000000002,1112.57,0.3868
1576,1,1681265048400.0,1110.43,0.028300000000000002,1112.57,0.3868
1577,1,1681265048500.0,1110.45,0.0222,1112.56,0.0066
1578,1,1681265048600.0,1110.45,0.5282,1112.56,0.0184
1579,1,1681265048700.0,1110.46,0.0061,1112.56,0.0172
1580,1,1681265048800.0,1110.47,0.547,1112.56,0.007800000000000001
1581,1,1681265048900.0,1110.48,0.028300000000000002,1112.56,0.0267
1582,1,1681265049100.0,1110.48,0.028300000000000002,1112.56,0.0184
1583,1,1681265049400.0,1110.48,0.028300000000000002,1112.56,0.0184
1584,1,1681265049600.0,1110.48,0.028300000000000002,1112.56,0.0267
1585,1,1681265049800.0,1110.48,0.028300000000000002,1112.56,0.0184
1586,1,1681265050000.0,1110.48,0.028300000000000002,1112.56,0.0172
1587,1,1681265050100.0,1110.48,0.028300000000000002,1112.56,0.0184
1588,1,1681265050200.0,1110.48,0.028300000000000002,1112.56,0.0172
1589,1,1681265050400.0,1110.48,0.028300000000000002,1112.56,0.0184
1590,1,1681265050600.0,1110.48,0.006100000000000001,1112.55,0.1706
1591,1,1681265050700.0,1110.48,0.006100000000000001,1112.55,0.1706
1592,1,1681265050800.0,1110.48,0.006100000000000001,1112.53,0.3868
1593,1,1681265050900.0,1110.48,0.006100000000000001,1112.52,0.1895
1594,1,1681265051000.0,1110.48,0.006100000000000001,1112.51,0.1784
1595,1,1681265051200.0,1110.48,0.006100000000000001,1112.5,0.1895
1596,1,1681265051300.0,1110.48,0.006100000000000001,1112.49,0.1784
1597,1,1681265051500.0,1110.48,0.006100000000000001,1112.48,0.1895
1598,1,1681265051600.0,1110.48,0.006100000000000001,1112.47,0.1784
1599,1,1681265051700.0,1110.48,0.006100000000000001,1112.47,0.1784
1600,1,1681265051800.0,1110.48,0.006100000000000001,1112.46,0.1895
1601,1,1681265052000.0,1110.48,0.006100000000000001,1112.45,0.1784
1602,1,1681265052100.0,1110.48,0.006100000000000001,1112.44,0.1878
1603,1,1681265052200.0,1110.48,0.006100000000000001,1112.43,0.1801
1604,1,1681265052300.0,1110.48,0.006100000000000001,1112.43,0.1801
1605,1,1681265052400.0,1110.48,0.006100000000000001,1112.42,0.1878
1606,1,1681265052500.0,1110.48,0.006100000000000001,1112.4,0.3868
1607,1,1681265052600.0,1110.48,0.006100000000000001,1112.39,0.1878
1608,1,1681265052700.0,1110.48,0.006100000000000001,1112.38,0.1801
1609,1,1681265052800.0,1110.48,0.006100000000000001,1112.38,0.1801
1610,1,1681265052900.0,1110.48,0.006100000000000001,1112.37,0.1878
1611,1,1681265053100.0,1110.48,0.006100000000000001,1112.36,0.1801
1612,1,1681265053200.0,1110.48,0.006100000000000001,1112.36,0.007800000000000001
1613,1,1681265053300.0,1110.48,0.006100000000000001,1112.34,0.1801
1614,1,1681265053500.0,1110.48,0.006100000000000001,1112.33,0.1878
1615,1,1681265053600.0,1110.48,0.006100000000000001,1112.32,0.1801
1616,1,1681265053700.0,1110.48,0.006100000000000001,1112.31,0.1878
1617,1,1681265053900.0,1110.48,0.006100000000000001,1112.3,0.1801
1618,1,1681265054000.0,1110.48,0.006100000000000001,1112.29,0.1878
1619,1,1681265054300.0,1110.48,0.006100000000000001,1112.28,0.1801
1620,1,1681265054400.0,1110.48,0.006100000000000001,1112.27,0.1878
1621,1,1681265054500.0,1110.48,0.006100000000000001,1112.26,0.1801
1622,1,1681265054600.0,1110.48,0.006100000000000001,1112.25,0.5746000000000001
1623,1,1681265054800.0,1110.48,0.006100000000000001,1112.24,0.1801
1624,1,1681265054900.0,1110.48,0.006100000000000001,1112.23,0.0172
1625,1,1681265055000.0,1110.48,0.006100000000000001,1112.23,0.0201
1626,1,1681265055400.0,1110.48,0.006100000000000001,1112.24,0.0066
1627,1,1681265055500.0,1110.48,0.006100000000000001,1112.24,0.0201
1628,1,1681265055800.0,1110.48,0.006100000000000001,1112.24,0.0201
1629,1,1681265055900.0,1110.48,0.006100000000000001,1112.24,0.0189
1630,1,1681265056100.0,1110.48,0.006100000000000001,1112.24,0.0201
1631,1,1681265056200.0,1110.48,0.006100000000000001,1112.24,0.0189
1632,1,1681265056400.0,1110.48,0.006100000000000001,1112.24,0.0201
1633,1,1681265056500.0,1110.48,0.006100000000000001,1112.24,0.0189
1634,1,1681265056700.0,1110.48,0.006100000000000001,1112.24,0.0201
1635,1,1681265056800.0,1110.48,0.006100000000000001,1112.23,0.3868
1636,1,1681265057000.0,1110.48,0.006100000000000001,1112.22,0.0078
1637,1,1681265057500.0,1110.48,0.006100000000000001,1112.22,0.0078
1638,1,1681265057600.0,1110.48,0.006100000000000001,1112.22,0.0078
1639,1,1681265057700.0,1110.48,0.006100000000000001,1112.21,0.0106
1640,1,1681265057800.0,1110.48,0.006100000000000001,1112.22,0.0078
1641,1,1681265057900.0,1110.48,0.006100000000000001,1112.2,0.0106
1642,1,1681265058000.0,1110.48,0.006100000000000001,1112.22,0.0078
1643,1,1681265058100.0,1110.48,0.006100000000000001,1112.22,0.0184
1644,1,1681265058300.0,1110.48,0.006100000000000001,1112.22,0.0184
1645,1,1681265058400.0,1110.49,0.506,1112.22,0.0184
1646,1,1681265058500.0,1110.5,0.0061,1112.21,0.351
1647,1,1681265058700.0,1110.5,0.0061,1112.21,0.351
1648,1,1681265058800.0,1110.5,0.0061,1112.2,0.0184
1649,1,1681265059000.0,1110.5,0.0061,1112.2,0.0189
1650,1,1681265059100.0,1110.5,0.0061,1112.19,0.3868
1651,1,1681265059300.0,1110.5,0.0061,1112.16,0.0189
1652,1,1681265059400.0,1110.5,0.0061,1112.16,0.0184
1653,1,1681265059600.0,1110.5,0.0061,1112.16,0.0189
1654,1,1681265059700.0,1110.5,0.0061,1112.16,0.0184
1655,1,1681265059900.0,1110.5,0.0061,1112.16,0.0189
1656,1,1681265060000.0,1110.5,0.0061,1112.16,0.0184
1657,1,1681265060100.0,1110.04,0.0222,1112.16,0.0189
1658,1,1681265060200.0,1110.04,0.0222,1112.16,0.0184
1659,1,1681265060500.0,1110.04,0.0222,1112.16,0.0184
1660,1,1681265060600.0,1110.04,0.0222,1112.16,0.0189
1661,1,1681265060700.0,1110.04,0.0222,1112.16,0.0184
1662,1,1681265060900.0,1110.04,0.0222,1112.16,0.0189
1663,1,1681265061100.0,1110.04,0.0222,1112.16,0.0184
1664,1,1681265061300.0,1110.04,0.0222,1112.16,0.0189
1665,1,1681265061400.0,1110.04,0.0222,1112.16,0.0184
1666,1,1681265061500.0,1110.04,0.0222,1112.15,0.3868
1667,1,1681265061600.0,1110.04,0.0222,1112.13,0.382
1668,1,1681265061800.0,1110.04,0.0222,1112.12,0.0083
1669,1,1681265061900.0,1110.04,0.0222,1112.12,0.0184
1670,1,1681265062100.0,1110.04,0.0222,1112.12,0.0189
1671,1,1681265062300.0,1110.04,0.0222,1112.12,0.0184
1672,1,1681265062400.0,1110.04,0.0222,1112.12,0.0189
1673,1,1681265062600.0,1110.04,0.0222,1112.11,0.577
1674,1,1681265062700.0,1110.04,0.0222,1112.1,0.0189
1675,1,1681265062800.0,1110.04,0.0222,1112.1,0.0184
1676,1,1681265062900.0,1110.04,0.0222,1112.1,0.0172
1677,1,1681265063000.0,1110.04,0.0222,1112.1,0.0184
1678,1,1681265063100.0,1110.04,0.0222,1112.09,0.3868
1679,1,1681265063200.0,1110.04,0.0222,1112.08,0.639
1680,1,1681265063300.0,1110.04,0.0222,1112.07,0.0066
1681,1,1681265063400.0,1110.04,0.0222,1112.07,0.0184
1682,1,1681265063500.0,1110.04,0.0222,1112.07,0.0184
1683,1,1681265063600.0,1110.04,0.0222,1112.07,0.0172
1684,1,1681265063800.0,1110.04,0.0222,1112.07,0.0184
1685,1,1681265063900.0,1110.04,0.0222,1112.07,0.0189
1686,1,1681265064000.0,1110.04,0.0222,1112.07,0.0184
1687,1,1681265064100.0,1110.04,0.0222,1112.07,0.0189
1688,1,1681265064200.0,1110.04,0.0222,1112.07,0.0184
1689,1,1681265064300.0,1110.04,0.0222,1112.07,0.0189
1690,1,1681265064400.0,1110.04,0.0222,1112.07,0.0184
1691,1,1681265064600.0,1110.04,0.0222,1112.07,0.0189
1692,1,1681265064700.0,1110.04,0.0222,1112.07,0.0184
1693,1,1681265064900.0,1110.04,0.0222,1112.07,0.0189
1694,1,1681265065000.0,1110.04,0.0222,1112.06,0.3868
1695,1,1681265065100.0,1110.04,0.0222,1112.05,0.0078
1696,1,1681265065300.0,1110.04,0.0222,1112.04,0.272
1697,1,1681265065400.0,1110.04,0.0222,1112.04,0.272
1698,1,1681265065500.0,1110.04,0.0222,1112.03,0.0083
1699,1,1681265065700.0,1110.04,0.0222,1112.03,0.0184
1700,1,1681265065800.0,1110.04,0.0222,1112.03,0.0189
1701,1,1681265065900.0,1110.04,0.0222,1112.03,0.0184
1702,1,1681265066700.0,1110.04,0.0222,1112.03,0.0189
1703,1,1681265066800.0,1110.04,0.0222,1112.03,0.0184
1704,1,1681265067000.0,1110.04,0.0222,1112.03,0.0172
1705,1,1681265067100.0,1110.04,0.0222,1112.03,0.0184
